3082 4688
1289 231 1741 292 ..46-

386 409 598 490 agitur
641 410 818 491 (pars
856 411 918 474 1:
966 425 1234 475 nauiter-a
1277 413 1515 490 quanta
1560 408 1722 489 dedi,
1767 409 1866 474 vel
1903 410 2118 491 qualia
2150 408 2442 474 carmina
2475 406 2619 473 feci.

387 534 537 597 pars
582 516 675 580 11:
719 515 994 579 scribant
1036 516 1114 582 de
1159 522 1222 582 te
1258 515 1365 581 alii
1409 534 1543 598 sqq.
1579 554 1658 567 --
1699 517 1928 598 omnia,
1973 517 2163 584 crede
2186 516 2356 595 mihi,
2403 534 2619 581 secum

388 644 513 690 uno
579 643 849 689 munera
907 626 1068 690 lecto
1128 623 1323 708 etc.);
1413 625 1528 709 hoc
1573 643 1723 689 vero
1784 642 1935 690 casu
1980 625 2250 706 quodam
2297 624 2621 703 accidisse,

390 743 562 802 certe
606 735 837 800 nemini
879 734 1282 815 persuadeas.
1354 734 1598 800 Ceteris
1647 752 1897 815 quoque
1941 734 2006 798 in
2050 734 2241 801 rebus
2282 735 2375 800 ita
2410 735 2624 800 omnia

395 863 463 909 se
508 843 760 923 habent,
832 850 905 908 ut
962 843 1167 908 altera
1225 861 1375 925 pars
1420 843 1626 909 altera
1661 844 1911 909 demum
1957 844 2161 910 lucem
2208 844 2492 925 accipiat.
2540 877 2622 892 -

397 955 559 1019 Tota
620 971 720 1019 res
779 958 850 1018 ut
890 953 1118 1018 clarior
1163 953 1352 1019 etiam
1389 951 1517 1033 fiat,
1580 953 1769 1019 liceat
1813 952 1964 1017 mihi
2026 972 2396 1035 comparare
2440 972 2626 1035 quos-

399 1060 544 1125 dam
588 1060 899 1126 Waltheri
961 1078 1198 1140 versuS‚
1269 1060 1333 1124 in
1392 1059 1621 1141 quibus
1666 1058 1933 1124 eundem
1979 1059 2331 1125 invenimus
2374 1065 2626 1125 senten-

414 1167 646 1232 tiarum
685 1166 1001 1231 ordinem:
2563 1161 2567 1164 ’
2648 1160 2653 1163 ’

534 1273 786 1340 Lachm.
834 1278 932 1354 72,
991 1278 1070 1339 37
1114 1292 1221 1355 sq:
1269 1272 1510 1337 Hoeret
1537 1270 1816 1362 wunder‚
1842 1271 1957 1336 wie
1983 1269 2102 1335 mir
2124 1270 2209 1335 ist
2232 1265 2586 1350 geschehen

1282 1398 1404 1444 von
1450 1380 1576 1444 min
1622 1376 1827 1444 selbes
1871 1376 2136 1444 arebeit.

898 1540 1048 1605 pars
1094 1476 1148 1589 L'
1243 1380 1452 1580 ‘Mich
1497 1487 1676 1552 enwil
1720 1488 1821 1553 ein
1874 1487 1992 1569 wip
2030 1486 2166 1552 niht
2204 1503 2285 1550 an
2311 1483 2630 1565 gesehen2

1248 1585 1390 1766 sdic
1432 1596 1622 1661 bra-ht
1663 1596 1764 1661 ich
1810 1596 1874 1660 in
1912 1595 2014 1660 die
2057 1591 2418 1672 werdekeit,

1290 1706 1406 1771 daz
1449 1704 1507 1769 ir
1544 1710 1720 1770 muot
1763 1703 1833 1770 so
1876 1702 2041 1770 hohe
2082 1702 2232 1769 stat.

589 1819 701 1900 jon
726 1819 873 1885 weiz
904 1817 956 1883 si
994 1816 1147 1897 niht‚
1183 1833 1395 1882 swenn
1430 1813 1531 1880 ich
1571 1815 1697 1879 min
1852 1812 1853 1815 ’

602 1927 823 2006 singen
863 1924 1016 2004 laza,
1062 1926 1178 1990 daz
1223 1925 1278 1988 ir
1312 1923 1416 2003 lop
1455 1922 1696 2003 zergat.

404 2039 542 2113 73,5
588 2035 809 2115 Herre,
857 2052 986 2097 waz
1031 2033 1084 2096 si
1128 2030 1372 2097 fliieche
1410 2031 1577 2095 liden
1623 2031 1737 2108 sol,

589 2160 799 2207 swenn
845 2141 944 2208 ich
985 2160 1071 2206 nu
1094 2140 1230 2207 laze
1267 2138 1477 2204 minen
1508 2138 1688 2207 sanc!
1755 2052 1778 2221 s

408 2258 874 2340 cognoscimus,
946 2258 1442 2341 hujusequoque
1505 2257 1800 2323 carminis
1863 2257 2021 2321 duas
2079 2262 2296 2336 partes
2333 2272 2491 2333 esse,
2568 2254 2636 2317 in

410 2387 678 2451 quarum
742 2388 866 2433 una
927 2374 1117 2450 poeta
1170 2385 1423 2433 causam
1485 2364 1688 2446 affert,
1756 2384 1954 2447 quare
2011 2363 2324 2430 irascatur
2367 2362 2640 2443 puellae,

404 2476 472 2539 in
539 2476 743 2539 altera
810 2474 948 2555 ipsa
1015 2472 1353 2539 ulciscendi
1419 2474 1586 2538 ratio
1652 2479 1953 2539 narratur
2014 2465 2208 2552 atque
2271 2487 2504 2551 magna
2571 2474 2639 2534 et

409 2583 740 2661 horrenda,
779 2601 941 2664 quae
986 2591 1348 2665 sequentur.
1406 2583 1547 2649 Hae
1592 2585 1754 2649 duae
1796 2589 2031 2665 partes,
2077 2582 2130 2646 si
2167 2599 2318 2646 casu
2362 2578 2638 2661 quodam

387 2692 696 2764 ‘divulsae
754 2697 977 2772 postea
1034 2693 1486 2775 reperirentur,
1575 2713 1781 2759 nonne
1840 2691 2310 2775 conjungendas
2354 2709 2463 2756 eas
2501 2708 2643 2754 esse

409 2803 545 2883 ipse
611 2801 1068 2866 sententiarum
1133 2802 1288 2868 ordo
1353 2795 1873 2868 demonstraret?
1945 2801 2520 2883 Respondetfvero
2580 2817 2639 2871 v,

422 2904 604 2977 1-5‘
630 2908 889 2989 hujusce
933 2911 1228 2977 carminis
1271 2932 1329 2978 v.
1367 2915 1525 2977 1-6
1569 2917 1825 2978 nostrae
1852 2911 2110 2993 elegiae,
2155 2930 2212 2976 v.
2247 2914 2412 2975 6-—8
2443 2907 2639 2975 versi-

418 3024 536 3090 bus
584 3030 619 3087 7
628 3028 834 3092 -12.x

582 3133 703 3199 Sed
750 3133 1025 3199 nondum
1071 3132 1152 3199 ad
1206 3132 1395 3199 finem
1442 3133 1639 3199 totius
1693 3132 2081 3214 quaestionis
2130 3150 2233 3198 me
2277 3131 2642 3214 pervenisse

416 3242 735 3323 intellego.
780 3242 1110 3322 Reliquum
1159 3247 1273 3320 est,
1341 3246 1412 3306 ut
1471 3259 1632 3320 quae
1673 3237 1850 3304 sedes
1907 3239 2140 3323 elegiae
2183 3242 2445 3303 nostrae
2476 3238 2643 3301 inter

416 3353 705 3416 carmina
752 3349 1190 3433 Propertium
1233 3348 1626 3435 desiqmnda
1669 3349 1774 3431 sit,
1819 3350 2259 3431 disceptemus.
2305 3350 2515 3430 Atque
2543 3348 2645 3414 hic

425 3459 590 3541 quod
636 3459 890 3541 egregie
948 3459 1098 3523 mihi
1152 3459 1255 3523 via
1300 3459 1541 3523 munita
1584 3458 1684 3537 sit,
1745 3457 2152 3530 vehementer
2198 3457 2462 3539 gaudet),
2530 3474 2646 3521 nec

421 3572 551 3652 jam
588 3589 829 3649 vereor,
874 3575 945 3635 ut
986 3568 1454 3634 Heimreichum
1499 3569 1732 3634 nimiae
1776 3569 2104 3634 insimules
2142 3567 2462 3647 audaciae,
2538 3569 2646 3649 qui

417 3695 709 3757 magnam
749 3676 1018 3758 quidem,
1043 3724 1048 3729 -
1077 3676 1186 3742 sed
1234 3677 1445 3743 nescio
1490 3696 1571 3743 an
1606 3695 1823 3743 veram
1865 3677 1944 3741 de
1991 3682 2212 3743 nostra
2256 3677 2461 3758 elegia
2504 3694 2648 3742 con-

415 3773 732 3853 jecturam
789 3786 1029 3853 fecerit.

583 3895 704 3960 Hic
765 3896 928 3961 enim
988 3896 1050 3960 in
1110 3897 1391 3974 Quaestt.
1430 3896 1636 3977 Prop.,
1696 3914 1887 3962 carm.
1932 3897 2045 3975 111,
2097 3899 2188 3974 10,
2257 3895 2426 3977 quod
2467 3898 2648 3961 certe

431 4004 788 4070 mutilatum
835 4009 1043 4069 exstat
1086 4009 1149 4068 in
1195 4004 1531 4083 codicibuS,
1569 3987 1979 4086 (quamquam
2003 4003 2380 4069 adversatur
2424 4003 2652 4068 Hertz-

423 4111 713 4198 bergius)
753 4112 816 4176 in
860 4111 1176 4193 integrum
1222 4112 1566 4178 restituere
1612 4115 1876 4177 conatus
1920 4115 2033 4191 est,
2100 4115 2386 4177 statuens
2431 4127 2652 4176 versus

1879 1996 2030 2061 pars
2091 1978 2170 2042 ΙΙ.
