3082 4688
499 420 791 485 videatur
828 427 891 487 et
942 423 1305 505 simplicior.
1356 459 1434 467 —
1520 424 1658 489 Hoc
1703 426 1965 506 quidem
2009 427 2471 492 consentientes
2515 445 2735 492 omnes

500 530 885 612 interpretes
924 532 1068 598 inde
1113 551 1151 597 a
1196 532 1520 615 Scaligero
1589 534 1664 613 (si
1712 553 1905 598 unum
1943 534 2433 616 Hertzbergium
2479 554 2735 618 excepe-

501 637 615 717 ris)
662 638 1127 720 intellexerunt,
1172 640 1459 705 versibus
1514 645 1756 705 11—-16
1801 643 2177 723 interrumpi
2237 661 2428 708 nexas
2464 644 2628 708 inter
2664 662 2734 708 se

501 751 568 812 et
610 745 846 827 optime
892 746 1304 812 cohaerentes
1336 747 1724 827 sententias3
1796 749 1874 813 de
1911 748 2027 814 hoc
2071 769 2221 815 vero
2266 749 2734 832 dubitaverunt,
2770 807 2781 814 .

500 854 757 921 ubinam
823 855 1097 920 laterent
1156 854 1603 937 difficultates;
1675 857 2083 939 quamobrem
2150 860 2312 924 alius
2354 867 2501 941 post
2542 861 2733 926 alium

500 980 755 1028 versum
799 961 1089 1027 lacunam
1136 964 1382 1029 statuit.
1427 965 1512 1029 Et
1555 965 1672 1030 hoc
1716 971 1887 1030 certe
1931 970 2101 1030 recte
2131 966 2222 1030 illi
2246 969 2574 1033 viderunt:
2623 969 2733 1034 sed

501 1069 791 1152 equidem
834 1071 1020 1152 plura
1066 1070 1253 1137 etiam
1305 1072 1690 1137 contendere
1757 1073 1978 1151 ausim,
2043 1072 2273 1152 dicenS,
2331 1093 2552 1139 versus
2596 1075 2738 1140 illos

508 1180 695 1263 plane
741 1180 979 1246 alienos
1023 1199 1161 1247 esse
1205 1200 1244 1247 a
1288 1182 1754 1247 totocarminis
1793 1188 2285 1262 argumento.—
2333 1183 2426 1248 Ac
2463 1185 2736 1264 primum

502 1290 752 1371 quidem
823 1289 1458 1354 animadvertendum
1528 1295 1644 1369 est,
1755 1291 2021 1371 elegiam
2094 1291 2394 1372 scriptam
2455 1311 2590 1357 esse
2657 1295 2737 1359 de

500 1399 712 1481 puella
754 1400 971 1480 erepta
1015 1403 1266 1479 poetae,
1311 1415 1583 1478 quacum
1629 1404 1818 1462 antea
1862 1405 2083 1464 mutuo
2121 1418 2336 1465 amore
2364 1401 2734 1482 conjunctus

512 1513 670 1585 erat,
708 1506 771 1572 id
820 1507 988 1588 quod
1033 1525 1108 1571 ex
1170 1505 1267 1571 his
1310 1505 1600 1572 versibus
1638 1507 1945 1589 conjicere
1990 1508 2166 1573 licet:

797 1634 854 1681 v.
905 1618 959 1680 1.
1002 1613 1309 1699 Eripitur
1355 1615 1536 1681 nobis
1574 1617 1706 1698 jam
1750 1617 1993 1698 pridem
2039 1635 2189 1682 cara
2231 1616 2459 1699 puella.

670 1729 731 1792 6.
776 1725 907 1791 Nec
949 1743 1094 1792 mea
1140 1726 1405 1806 dicetur,
1453 1744 1618 1808 quae
1661 1727 1846 1792 modo
1894 1726 2062 1792 dicta
2104 1726 2352 1792 meast?

672 1841 729 1900 7.
775 1836 985 1901 omnia
1045 1840 1415 1900 vertuntur:
1493 1842 1672 1900 certe
1725 1838 2063 1899 vertuntur
2124 1852 2404 1912 amores3

505 1945 560 2008 si
604 1943 771 2008 enim
812 1949 1152 2009 vertuntur
1192 1962 1459 2023 amores,
1505 1944 1774 2008 antehac
1818 1962 1924 2008 eos
1969 1944 2284 2010 exstitisse
2329 1962 2581 2008 necesse
2624 1947 2736 2006 est.

504 2049 679 2115 Idem
724 2055 1000 2115 testatur
1045 2049 1199 2113 illud
1253 2050 1517 2115 Achillis
1565 2053 1948 2132 exemplum:

499 2148 510 2157 ⁴
678 2164 777 2224 29.
816 2162 914 2224 30.
963 2158 1077 2222 Ille
1123 2159 1315 2222 etiam
1363 2158 1630 2240 abrepta
1663 2161 1954 2239 desertus
1991 2163 2258 2243 conjuge
2296 2161 2570 2227 Achilles

668 2283 920 2330 cessare
958 2265 1020 2329 in
1064 2266 1246 2330 tect-is
1282 2266 1546 2348 pertulit
1593 2286 1776 2339 arma
1823 2287 1955 2333 sua.

673 2395 727 2441 v.
774 2380 893 2441 36:
940 2379 1156 2440 tantus
1201 2376 1266 2440 in
1311 2381 1533 2458 erepto
1589 2377 1791 2442 saevit
1835 2397 2051 2444 amore
2096 2379 2275 2444 dolor
2322 2415 2392 2423 --

504 2485 578 2548 In
642 2484 767 2549 illis
828 2497 979 2549 vero
1037 2483 1245 2548 dubiis
1303 2484 1508 2549 adhuc
1573 2486 1859 2551 versibus
1913 2504 2035 2551 non
2098 2487 2175 2551 de
2234 2482 2451 2551 amore
2522 2492 2739 2565 erepto

504 2592 735 2672 agitur,
771 2591 914 2669 *sed
960 2591 1038 2655 de
1082 2583 1450 2656 inexorabili
1494 2593 1707 2673 puella
1751 2599 1815 2657 et
1843 2594 2170 2674 pertinaci,
2215 2594 2424 2673 ‚cujus
2459 2610 2735 2656 amorem

506 2704 697 2780 poeta
744 2715 1063 2777 nunquam
1109 2697 1228 2761 sibi
1273 2699 1609 2763 conciliare
1654 2699 1891 2776 valuit;
1952 2698 2015 2762 id
2073 2698 2237 2777 quod
2273 2699 2402 2779 jam
2447 2717 2478 2762 e
2533 2717 2588 2762 v.
2662 2701 2731 2761 11

510 2810 585 2872 12
630 2823 1010 2887 cognoscere
1052 2805 1230 2869 licet:
1853 2805 1865 2819 '

764 2932 1031 2981 munera
1082 2918 1322 2996 quanta
1364 2913 1528 2996 dedi,
1602 2914 1702 2979 vel
1747 2914 1960 2995 qualia
2004 2914 2284 2980 carmina
2328 2913 2484 2979 feci!

768 3021 877 3087 illa
921 3028 1130 3088 tamen
1176 3041 1497 3105 nunquam
1572 3022 1781 3089 ferrea
1826 3023 1983 3088 dixit
2029 3024 2285 3102 „Am0.“

425 3147 426 3150 ’
504 3132 616 3200 sed
661 3133 937 3215 reliquos
976 3152 1226 3216 quoque
1275 3150 1500 3208 versus
1547 3131 1858 3213 (13--16)
1905 3130 2171 3196 eundem
2195 3149 2447 3196 sensum
2487 3130 2740 3208 habere,

505 3248 640 3308 tum
667 3241 920 3307 demum
941 3243 1181 3308 clarum
1224 3239 1333 3307 fiet
1362 3246 1428 3306 et
1452 3240 1815 3320 dilucidum,
1847 3239 1899 3303 si
1945 3243 2168 3320 postea
2204 3240 2446 3320 justam
2500 3238 2735 3303 dedero

506 3367 724 3414 eorum
768 3349 1374 3433 interpretationem.
1399 3384 1479 3395 —-
1524 3349 1680 3413 Tam
1717 3348 2003 3413 diversae
2033 3366 2180 3413 vero
2219 3347 2572 3412 sententiae
2614 3364 2740 3427 quo

506 3459 689 3525 modo
733 3459 797 3524 in
843 3478 965 3525 uno
1012 3459 1356 3541 eodemque
1399 3459 1677 3523 carmine
1722 3458 2017 3538 conjungi
2052 3458 2396 3539 potuerint,
2445 3458 2738 3539 equidem

503 3589 629 3637 non
686 3569 1002 3651 intellego.
1047 3605 1129 3615 —
1216 3568 1457 3634 Deinde
1515 3587 1665 3633 vero
1727 3567 1821 3648 (et
1882 3567 1999 3632 hoc
2057 3566 2404 3632 maximum
2467 3567 2590 3647 est)
2647 3568 2739 3634 illi

503 3698 724 3745 versus
767 3696 970 3760 neque
1016 3678 1095 3744 ad
1139 3676 1589 3759 praecedentes
1635 3693 1853 3740 versus
1899 3677 2160 3758 (7—10)
2223 3676 2564 3760 quadrant,
2633 3696 2743 3743 ne-

327 3868 343 3884 ·
446 3773 455 3778 ⁴
504 3805 628 3868 que
666 3787 743 3851 ad
769 3804 896 3865 eoS‚
939 3786 1047 3866 qui
1072 3790 1427 3865 sequuntur
1454 3782 1568 3867 (17
1581 3784 1788 3863 -4Ο),
1831 3783 1896 3848 id
1929 3785 2094 3864 quod
2123 3786 2356 3866 opt-ime
2384 3787 2743 3869 intellegeS,

502 3897 556 3965 si
594 3914 780 3978 quem
823 3913 941 3976 ego
1001 3911 1258 3960 sensum
1333 3911 1470 3960 esse
1524 3893 1873 3958 existimem
1921 3894 2118 3959 totius
2163 3896 2480 3977 carminiS,
2551 3897 2742 3962 latius

508 4007 923 4094 explicavero.

670 4112 1003 4202 Propertio
1072 4112 1283 4200 igitur,
1360 4130 1590 4196 magno
1665 4110 1881 4178 dolore
1947 4118 2210 4196 propter
2268 4117 2550 4196 ereptam
2623 4109 2741 4179 sibi
