3082 4688
1242 281 1659 344 -37-

342 462 617 543 puellam
676 482 992 545 percusso,
1067 464 1305 529 amicus
1365 463 1619 545 quidam
1681 463 1932 528 nimiam
1993 464 2195 531 animi
2242 465 2567 530 mollitiam

344 570 840 651 exprobraverat
899 571 1330 653 lacrimasque
1391 591 1532 637 eum
1578 572 1846 639 fundere
1883 579 2193 637 vetuerat.
2278 572 2571 638 Profecto

339 677 591 743 minime
637 684 900 744 noverat
942 679 1048 743 ille
1092 679 1331 743 amicus
1379 698 1682 760 magnum
1727 679 2037 745 fervorem
2084 684 2149 743 et
2186 697 2389 760 paene
2425 680 2561 759 J'am

343 782 640 864 furorem,
717 803 842 866 quo
898 786 1100 866 magis
1154 787 1483 868 magisque
1526 787 1899 868 Propertius
1957 788 2022 851 in
2066 786 2568 867 desperationem

344 890 689 958 ferebatur.
758 894 1125 974 Respondet
1190 893 1247 957 ei
1291 899 1479 974 poeta
1523 893 1642 959 hoc
1678 900 1894 959 nostro
1932 893 2226 973 carmine,
2289 892 2466 974 cujus
2511 912 2566 958 v.

348 1001 510 1064 1-6
553 998 634 1064 ad
672 999 875 1081 ipsum
921 1001 1188 1066 amicum
1234 1001 1436 1067 dictos
1483 1018 1621 1066 esse
1664 1001 1727 1066 in
1772 999 2111 1082 propatulo
2150 1005 2282 1064 est:

510 1109 798 1191 Eripitur
836 1109 1015 1176 nobis
1052 1117 1183 1195 jam
1228 1110 1471 1192 pridem
1516 1128 1667 1176 cara
1708 1109 1946 1192 puella,

509 1225 575 1284 et
616 1224 686 1283 tu
731 1236 832 1284 me
870 1218 1179 1300 lacrimaS,
1223 1218 1504 1301 fundere,
1549 1220 1764 1300 amice,
1808 1219 2028 1285 vetas!

510 1327 718 1392 nullae
763 1333 912 1395 sunt
956 1328 1320 1395 inimicitiae
1364 1330 1482 1395 nisi
1532 1330 1768 1395 amoris
1814 1328 2111 1412 acerbae:

509 1436 713 1517 ipsum
757 1454 857 1501 me
894 1437 1139 1518 jugula,
1181 1436 1383 1502 lenior
1429 1437 1624 1503 hostis
1670 1456 1797 1503 ero.

509 1562 762 1625 possum
809 1546 1034 1626 ego'in
1078 1546 1341 1611 alterius
1400 1547 1672 1628 positam
1739 1552 2029 1628 spectare
2073 1546 2360 1612 lacerto?

505 1673 618 1719 nec
661 1673 802 1720 mea
846 1655 1107 1736 dicetur,
1153 1674 1314 1736 quae
1358 1656 1544 1721 modo
1589 1656 1758 1722 dicta
1801 1656 2058 1722 meast?

338 1783 606 1846 quorum
651 1783 945 1830 versuum
991 1765 1365 1830 sententiam
1409 1765 1498 1832 sic
1543 1765 1834 1832 breviter
1878 1765 2181 1847 explices:
2251 1767 2429 1830 Tune
2476 1767 2565 1831 la-

338 1873 566 1937 crimas
611 1890 711 1937 me
755 1871 1025 1938 fundere
1071 1878 1266 1953 vetaS,
1327 1877 1481 1938 tune
1541 1874 1675 1938 sine
1721 1892 1936 1940 amore
1981 1893 2082 1939 me
2126 1873 2337 1941 vivere
2379 1892 2564 1956 posse

339 1978 706 2043 existimas?

341 2085 581 2151 Deinde
637 2105 691 2151 a.
744 2105 803 2150 v.
874 2092 910 2150 7
955 2104 1089 2170 sqq.
1136 2087 1270 2170 ipse
1314 2106 1524 2154 secum
1571 2089 1873 2171 loquitur,
1921 2088 2334 2171 (quamquam
2383 2089 2566 2153 simul

342 2194 532 2258 etiam
571 2194 755 2258 amici
800 2196 1175 2261 sententiam
1223 2194 1480 2275 refellit)
1526 2201 1726 2276 atque
1771 2197 2044 2262 dilucide
2103 2195 2220 2260 sibi
2265 2201 2329 2260 et
2373 2196 2567 2260 omni-

342 2304 460 2371 bus
517 2304 738 2390 logices
796 2304 1031 2389 repulia
1094 2312 1159 2371 et
1216 2305 1519 2389 exmnplis
1583 2306 1994 2385 demonstrat,
2063 2307 2269 2389 erepti
2334 2307 2567 2372 amoris

344 2415 621 2480 dolorem
668 2435 735 2481 se
779 2416 950 2481 nullo
996 2416 1182 2481 modo
1229 2415 1396 2481 ferre
1433 2435 1637 2497 posse.
1690 2418 2322 2497 Argumentationem
2369 2417 2566 2497 igitur

343 2524 661 2606 habemuS,
741 2526 919 2607 cujus
976 2526 1065 2591 sic
1122 2524 1255 2590 fere
1312 2525 1669 2607 procedunt
1706 2526 1995 2608 singulae
2044 2527 2436 2591 sententiae:
2483 2562 2559 2570 —-

343 2633 577 2714 Magna
620 2632 920 2715 abreptus
968 2633 1250 2710 tristitia,
1311 2633 1583 2715 primum
1644 2634 1851 2697 animo
1896 2632 2270 2713 considerat,
2328 2633 2561 2698 nullam

349 2746 764 2805 constantem.
802 2758 937 2805 esse
996 2740 1315 2805 fortunam
1383 2747 1445 2806 et
1492 2742 1554 2805 in
1598 2747 1973 2823 perpetuum
2019 2759 2306 2819 manere3
2373 2742 2563 2806 immo

351 2850 564 2914 omnia
606 2851 796 2916 verti:
884 2851 1097 2931 itaque
1143 2850 1343 2915 amori
1388 2869 1639 2933 quoque
1682 2851 1845 2916 idem
1890 2850 2088 2915 fatum
2136 2852 2461 2917 imminere

683 2958 892 3024 omnia
938 2964 1303 3023 vcrtuntur:
1348 2965 1519 3023 certe
1565 2965 1898 3024 vertuntur
1943 2976 2221 3023 amores:

348 3064 589 3131 Deinde
633 3066 695 3131 in
742 3066 1028 3147 sequenti
1072 3084 1259 3131 versu
1303 3066 1382 3131 ad
1424 3084 1605 3130 suum
1652 3064 1847 3147 ipsius
1890 3066 2062 3130 venit
2099 3083 2409 3130 amorem:

406 3167 418 3176 ’
638 3176 922 3242 Vinceris
967 3183 1079 3242 aut
1126 3176 1352 3242 vincis:
1398 3175 1553 3241 baec
1599 3176 1659 3240 in
1706 3194 1920 3241 amore
1958 3173 2271 3254 rotast¹¹).

529 3424 590 3486 ¹¹)
627 3430 737 3478 Hoc
772 3430 882 3479 loco
922 3444 1023 3479 non
1063 3432 1186 3480 licet
1220 3431 1512 3491 praeterire,
1548 3431 1601 3477 in
1639 3444 1685 3477 v·
1727 3432 1755 3477 8
1797 3427 2055 3476 metricam
2078 3433 2244 3476 extare
2282 3411 2557 3475 difficulta-

345 3530 462 3580 tem,
505 3522 554 3570 id
597 3523 730 3586 quod
768 3523 1111 3583 Bubendeyus
1151 3523 1376 3581 Quaestt.
1415 3523 1524 3572 Tib.
1580 3537 1691 3584 pag.
1737 3524 1801 3568 ‘22
1838 3521 1954 3572 adn.
2001 3526 2018 3568 l
2063 3519 2284 3569 dilucide
2321 3522 2555 3570 ostendit..

341 3617 480 3666 Dicit
517 3619 667 3675 enim,
707 3632 804 3665 non
842 3620 1000 3668 licere
1039 3622 1090 3666 in
1129 3621 1288 3680 prima
1326 3621 1621 3680 pentametri
1658 3624 1799 3681 parte
1834 3618 2069 3665 ultimam
2099 3619 2296 3665 brevem
2318 3618 2559 3677 syllabam

342 3714 529 3773 porrigi
550 3719 666 3761 ante
706 3713 736 3760 b
775 3720 862 3763 aut
900 3715 1125 3763 vocalem
1163 3714 1296 3776 apud
1326 3714 1581 3774 Ovidium,
1618 3714 1892 3775 Tibullum,
1933 3713 2250 3773 Propertium
2290 3726 2560 3776 omnesque

342 3805 493 3866 hujus
533 3810 717 3856 aetatis
758 3810 1058 3871 scriptores3
1121 3807 1407 3856 Martialem
1465 3809 1684 3870 primum
1725 3807 1852 3856 hanc
1887 3808 2046 3865 legem
2085 3807 2384 3865 neglexisse.
2458 3806 2559 3853 De-

341 3907 587 3950 monstrat
630 3904 799 3963 etiam,
840 3905 977 3953 locos
1016 3917 1201 3966 paucos
1239 3903 1429 3951 Tibulli
1469 3912 1517 3951 et
1556 3901 1749 3964 Ovidii,
1802 3905 1853 3949 in
1895 3904 2078 3962 quibus
2117 3902 2235 3951 haec
2276 3904 2561 3951 inveniatur

341 3996 574 4054 licentia,
611 4002 698 4045 aut
734 4003 996 4059 corruptos
1034 4011 1143 4046 esse
1180 4003 1266 4046 aut
1305 3997 1511 4044 omnino
1550 4010 1646 4043 non
1686 3996 1782 4042 buc
1817 3998 2085 4058 pertinere.
2138 3995 2310 4055 Pergit
2344 3995 2558 4043 deinde:

341 4095 503 4138 restat
561 4090 724 4151 igitur
786 4089 921 4152 apud
990 4092 1163 4152 poetas
1223 4093 1331 4151 ejus
1389 4093 1628 4152 temporis
1688 4103 1816 4136 unus
1871 4090 1960 4135 ille
1998 4090 2136 4137 locus
2177 4089 2558 4150 Propertianus:

342 4184 521 4234 Nonne
558 4186 744 4234 rectius
780 4182 1029 4247 videatur,
1074 4183 1228 4234 aliter
1263 4185 1308 4234 si
1345 4185 1549 4247 poetam
1576 4182 1841 4245 scripsisse
1866 4159 2228 4245 putabimus?‘·³
2266 4182 2418 4232 Plane
2447 4184 2557 4231 viro
