<?xml version="1.0" encoding="UTF-8"?>
<!DOCTYPE html PUBLIC "-//W3C//DTD XHTML 1.0 Transitional//EN"
    "http://www.w3.org/TR/xhtml1/DTD/xhtml1-transitional.dtd">
<html xmlns="http://www.w3.org/1999/xhtml" xml:lang="en" lang="en">
 <head>
  <title>
</title>
<meta http-equiv="Content-Type" content="text/html;charset=utf-8" />
  <meta name='ocr-system' content='tesseract 3.04.00' />
  <meta name='ocr-capabilities' content='ocr_page ocr_carea ocr_par ocr_line ocrx_word'/>
</head>
<body>
  <div class='ocr_page' id='page_1' title='image "./quaestionestibu00dietgoog_0058.png"; bbox 0 0 3082 4688; ppageno 0'>
   <div class='ocr_carea' id='block_1_1' title="bbox 1417 292 1835 357">
    <p class='ocr_par' dir='ltr' id='par_1_1' title="bbox 1417 292 1835 357">
     <span class='ocr_line' id='line_1_1' title="bbox 1417 292 1835 357; baseline 0.002 -20"><span class='ocrx_word' id='word_1_1' title='bbox 1417 292 1835 357; x_wconf 68' lang='lat'>...43-</span> 
     </span>
    </p>
   </div>
   <div class='ocr_carea' id='block_1_2' title="bbox 498 469 2719 1755">
    <p class='ocr_par' dir='ltr' id='par_1_2' title="bbox 498 469 2719 1755">
     <span class='ocr_line' id='line_1_2' title="bbox 502 469 2718 563; baseline 0.007 -31"><span class='ocrx_word' id='word_1_2' title='bbox 502 469 687 534; x_wconf 87' lang='lat' dir='ltr'>irasci</span> <span class='ocrx_word' id='word_1_3' title='bbox 734 479 1002 552; x_wconf 70' lang='lat' dir='ltr'>poetam,</span> <span class='ocrx_word' id='word_1_4' title='bbox 1049 475 1496 555; x_wconf 84' lang='lat' dir='ltr'>comperimus:</span> <span class='ocrx_word' id='word_1_5' title='bbox 1562 494 1814 542; x_wconf 88' lang='lat' dir='ltr'>causam</span> <span class='ocrx_word' id='word_1_6' title='bbox 1860 496 2108 560; x_wconf 91' lang='lat' dir='ltr'>quoque</span> <span class='ocrx_word' id='word_1_7' title='bbox 2153 479 2545 563; x_wconf 88' lang='lat' dir='ltr'>inexpiabilis</span> <span class='ocrx_word' id='word_1_8' title='bbox 2592 484 2718 549; x_wconf 90' lang='lat' dir='ltr'>odii</span> 
     </span>
     <span class='ocr_line' id='line_1_3' title="bbox 499 578 2717 667; baseline 0.006 -26"><span class='ocrx_word' id='word_1_9' title='bbox 499 578 821 644; x_wconf 88' lang='lat' dir='ltr'>audimus:</span> <span class='ocrx_word' id='word_1_10' title='bbox 892 579 1293 646; x_wconf 87' lang='lat' dir='ltr'>inexorabilis</span> <span class='ocrx_word' id='word_1_11' title='bbox 1344 580 1464 647; x_wconf 87' lang='lat' dir='ltr'>fuit</span> <span class='ocrx_word' id='word_1_12' title='bbox 1513 584 1726 664; x_wconf 85' lang='lat' dir='ltr'>puella</span> <span class='ocrx_word' id='word_1_13' title='bbox 1771 586 2134 667; x_wconf 82' lang='lat' dir='ltr'><strong>sprevitque</strong></span> <span class='ocrx_word' id='word_1_14' title='bbox 2176 594 2449 667; x_wconf 74' lang='lat' dir='ltr'>poetam.</span> <span class='ocrx_word' id='word_1_15' title='bbox 2538 589 2717 655; x_wconf 87' lang='lat' dir='ltr'>Hanc</span> 
     </span>
     <span class='ocr_line' id='line_1_4' title="bbox 498 688 2718 778; baseline 0.007 -30"><span class='ocrx_word' id='word_1_16' title='bbox 498 702 648 749; x_wconf 87' lang='lat' dir='ltr'>vero</span> <span class='ocrx_word' id='word_1_17' title='bbox 694 688 1089 767; x_wconf 84' lang='lat' dir='ltr'>sententiam,</span> <span class='ocrx_word' id='word_1_18' title='bbox 1149 690 1202 753; x_wconf 89' lang='lat' dir='ltr'>si</span> <span class='ocrx_word' id='word_1_19' title='bbox 1248 708 1386 753; x_wconf 88' lang='lat' dir='ltr'>cum</span> <span class='ocrx_word' id='word_1_20' title='bbox 1434 691 1575 755; x_wconf 90' lang='lat' dir='ltr'>aliis</span> <span class='ocrx_word' id='word_1_21' title='bbox 1623 710 2062 774; x_wconf 82' lang='lat' dir='ltr'>comparamus</span> <span class='ocrx_word' id='word_1_22' title='bbox 2110 695 2510 777; x_wconf 77' lang='lat' dir='ltr'>carminibuS,</span> <span class='ocrx_word' id='word_1_23' title='bbox 2554 698 2718 778; x_wconf 86' lang='lat' dir='ltr'>quae</span> 
     </span>
     <span class='ocr_line' id='line_1_5' title="bbox 499 798 2716 884; baseline 0.004 -21"><span class='ocrx_word' id='word_1_24' title='bbox 499 798 896 876; x_wconf 90' lang='lat' dir='ltr'>antecedunt,</span> <span class='ocrx_word' id='word_1_25' title='bbox 956 818 1119 864; x_wconf 88' lang='lat' dir='ltr'>nova</span> <span class='ocrx_word' id='word_1_26' title='bbox 1166 799 1412 865; x_wconf 84' lang='lat' dir='ltr'>exsistit</span> <span class='ocrx_word' id='word_1_27' title='bbox 1457 798 1814 882; x_wconf 87' lang='lat' dir='ltr'>difficultas,</span> <span class='ocrx_word' id='word_1_28' title='bbox 1878 821 2064 884; x_wconf 88' lang='lat' dir='ltr'>quam</span> <span class='ocrx_word' id='word_1_29' title='bbox 2110 804 2547 873; x_wconf 87' lang='lat' dir='ltr'>Heimreichus</span> <span class='ocrx_word' id='word_1_30' title='bbox 2587 809 2716 872; x_wconf 90' lang='lat' dir='ltr'>ani-</span> 
     </span>
     <span class='ocr_line' id='line_1_6' title="bbox 498 901 2716 994; baseline 0.005 -25"><span class='ocrx_word' id='word_1_31' title='bbox 498 906 895 971; x_wconf 85' lang='lat' dir='ltr'>madvertere</span> <span class='ocrx_word' id='word_1_32' title='bbox 940 926 1061 971; x_wconf 92' lang='lat' dir='ltr'>non</span> <span class='ocrx_word' id='word_1_33' title='bbox 1108 901 1336 987; x_wconf 88' lang='lat' dir='ltr'>potuit,</span> <span class='ocrx_word' id='word_1_34' title='bbox 1381 926 1520 973; x_wconf 89' lang='lat' dir='ltr'>cum</span> <span class='ocrx_word' id='word_1_35' title='bbox 1570 910 1853 974; x_wconf 88' lang='lat' dir='ltr'>ultimam</span> <span class='ocrx_word' id='word_1_36' title='bbox 1896 915 2138 976; x_wconf 88' lang='lat' dir='ltr'>tantum</span> <span class='ocrx_word' id='word_1_37' title='bbox 2188 912 2426 993; x_wconf 83' lang='lat' dir='ltr'>elegiae</span> <span class='ocrx_word' id='word_1_38' title='bbox 2470 920 2716 994; x_wconf 88' lang='lat' dir='ltr'>partem</span> 
     </span>
     <span class='ocr_line' id='line_1_7' title="bbox 501 1016 2719 1096; baseline 0.004 -18"><span class='ocrx_word' id='word_1_39' title='bbox 501 1021 822 1095; x_wconf 79' lang='lat' dir='ltr'>nosceret3</span> <span class='ocrx_word' id='word_1_40' title='bbox 891 1033 1003 1079; x_wconf 91' lang='lat' dir='ltr'>nos</span> <span class='ocrx_word' id='word_1_41' title='bbox 1064 1033 1211 1080; x_wconf 90' lang='lat' dir='ltr'>vero</span> <span class='ocrx_word' id='word_1_42' title='bbox 1258 1034 1397 1080; x_wconf 90' lang='lat' dir='ltr'>eam</span> <span class='ocrx_word' id='word_1_43' title='bbox 1455 1016 1807 1096; x_wconf 87' lang='lat' dir='ltr'>praeterire</span> <span class='ocrx_word' id='word_1_44' title='bbox 1853 1035 1976 1082; x_wconf 91' lang='lat' dir='ltr'>non</span> <span class='ocrx_word' id='word_1_45' title='bbox 2021 1018 2185 1083; x_wconf 89' lang='lat' dir='ltr'>licet.</span> <span class='ocrx_word' id='word_1_46' title='bbox 2274 1018 2428 1084; x_wconf 87' lang='lat' dir='ltr'>Cum</span> <span class='ocrx_word' id='word_1_47' title='bbox 2476 1021 2638 1085; x_wconf 91' lang='lat' dir='ltr'>enim</span> <span class='ocrx_word' id='word_1_48' title='bbox 2686 1041 2719 1087; x_wconf 91' lang='lat' dir='ltr'>e</span> 
     </span>
     <span class='ocr_line' id='line_1_8' title="bbox 499 1123 2718 1209; baseline 0.003 -22"><span class='ocrx_word' id='word_1_49' title='bbox 499 1123 712 1187; x_wconf 89' lang='lat' dir='ltr'>multis</span> <span class='ocrx_word' id='word_1_50' title='bbox 773 1124 913 1188; x_wconf 91' lang='lat' dir='ltr'>aliis</span> <span class='ocrx_word' id='word_1_51' title='bbox 972 1124 1375 1204; x_wconf 77' lang='lat' dir='ltr'>carminibuS,</span> <span class='ocrx_word' id='word_1_52' title='bbox 1452 1144 1601 1190; x_wconf 88' lang='lat' dir='ltr'>vere</span> <span class='ocrx_word' id='word_1_53' title='bbox 1667 1133 1945 1193; x_wconf 88' lang='lat' dir='ltr'>amatum</span> <span class='ocrx_word' id='word_1_54' title='bbox 2006 1147 2143 1193; x_wconf 89' lang='lat' dir='ltr'>esse</span> <span class='ocrx_word' id='word_1_55' title='bbox 2208 1135 2459 1209; x_wconf 75' lang='lat' dir='ltr'>poetam</span> <span class='ocrx_word' id='word_1_56' title='bbox 2519 1148 2558 1194; x_wconf 87' lang='lat' dir='ltr'>a</span> <span class='ocrx_word' id='word_1_57' title='bbox 2602 1148 2718 1194; x_wconf 87' lang='lat' dir='ltr'>sua</span> 
     </span>
     <span class='ocr_line' id='line_1_9' title="bbox 499 1234 2714 1319; baseline 0.001 -18"><span class='ocrx_word' id='word_1_58' title='bbox 499 1237 727 1318; x_wconf 89' lang='lat' dir='ltr'>puella,</span> <span class='ocrx_word' id='word_1_59' title='bbox 770 1240 1159 1317; x_wconf 86' lang='lat' dir='ltr'>compertum</span> <span class='ocrx_word' id='word_1_60' title='bbox 1202 1234 1564 1313; x_wconf 85' lang='lat' dir='ltr'>habeamus,</span> <span class='ocrx_word' id='word_1_61' title='bbox 1610 1253 1750 1299; x_wconf 89' lang='lat' dir='ltr'>cum</span> <span class='ocrx_word' id='word_1_62' title='bbox 1794 1237 2074 1302; x_wconf 86' lang='lat' dir='ltr'>carmina</span> <span class='ocrx_word' id='word_1_63' title='bbox 2101 1237 2179 1317; x_wconf 77' lang='grc' dir='ltr'>ΙΙ,</span> <span class='ocrx_word' id='word_1_64' title='bbox 2226 1242 2281 1302; x_wconf 90' lang='grc'>8.</span> <span class='ocrx_word' id='word_1_65' title='bbox 2327 1240 2384 1302; x_wconf 83' lang='grc'>9.</span> <span class='ocrx_word' id='word_1_66' title='bbox 2432 1244 2714 1319; x_wconf 90' lang='lat' dir='ltr'>ereptam</span> 
     </span>
     <span class='ocr_line' id='line_1_10' title="bbox 502 1344 2717 1426; baseline 0.001 -19"><span class='ocrx_word' id='word_1_67' title='bbox 502 1347 888 1407; x_wconf 87' lang='lat' dir='ltr'>maerentem</span> <span class='ocrx_word' id='word_1_68' title='bbox 936 1359 1076 1406; x_wconf 91' lang='lat' dir='ltr'>eum</span> <span class='ocrx_word' id='word_1_69' title='bbox 1123 1344 1452 1407; x_wconf 88' lang='lat' dir='ltr'>audiamus</span> <span class='ocrx_word' id='word_1_70' title='bbox 1513 1344 1956 1426; x_wconf 90' lang='lat' dir='ltr'>aemulumque</span> <span class='ocrx_word' id='word_1_71' title='bbox 1998 1344 2287 1411; x_wconf 89' lang='lat' dir='ltr'>omnibus</span> <span class='ocrx_word' id='word_1_72' title='bbox 2332 1346 2487 1411; x_wconf 89' lang='lat' dir='ltr'>diris</span> <span class='ocrx_word' id='word_1_73' title='bbox 2530 1346 2717 1410; x_wconf 91' lang='lat' dir='ltr'>devo-</span> 
     </span>
     <span class='ocr_line' id='line_1_11' title="bbox 503 1451 2716 1536; baseline 0.002 -21"><span class='ocrx_word' id='word_1_74' title='bbox 503 1458 769 1531; x_wconf 85' lang='lat' dir='ltr'>ventem,</span> <span class='ocrx_word' id='word_1_75' title='bbox 813 1451 1099 1533; x_wconf 82' lang='lat' dir='ltr'>profecto</span> <span class='ocrx_word' id='word_1_76' title='bbox 1142 1452 1444 1516; x_wconf 88' lang='lat' dir='ltr'>miremur</span> <span class='ocrx_word' id='word_1_77' title='bbox 1489 1471 1744 1518; x_wconf 86' lang='lat' dir='ltr'>necesse</span> <span class='ocrx_word' id='word_1_78' title='bbox 1790 1460 1903 1534; x_wconf 89' lang='lat' dir='ltr'>est,</span> <span class='ocrx_word' id='word_1_79' title='bbox 1942 1455 2109 1534; x_wconf 88' lang='lat' dir='ltr'>quod</span> <span class='ocrx_word' id='word_1_80' title='bbox 2153 1453 2253 1519; x_wconf 91' lang='lat' dir='ltr'>hic</span> <span class='ocrx_word' id='word_1_81' title='bbox 2296 1454 2523 1536; x_wconf 89' lang='lat' dir='ltr'>subito,</span> <span class='ocrx_word' id='word_1_82' title='bbox 2563 1474 2716 1520; x_wconf 89' lang='lat' dir='ltr'>nun-</span> 
     </span>
     <span class='ocr_line' id='line_1_12' title="bbox 502 1560 2712 1647; baseline 0.002 -22"><span class='ocrx_word' id='word_1_83' title='bbox 502 1580 689 1642; x_wconf 88' lang='lat' dir='ltr'>quam</span> <span class='ocrx_word' id='word_1_84' title='bbox 734 1580 802 1626; x_wconf 87' lang='lat' dir='ltr'>se</span> <span class='ocrx_word' id='word_1_85' title='bbox 847 1567 1123 1626; x_wconf 87' lang='lat' dir='ltr'>amatum</span> <span class='ocrx_word' id='word_1_86' title='bbox 1173 1580 1328 1641; x_wconf 87' lang='lat' dir='ltr'>esse,</span> <span class='ocrx_word' id='word_1_87' title='bbox 1371 1560 1559 1626; x_wconf 86' lang='lat' dir='ltr'>dicat.</span> <span class='ocrx_word' id='word_1_88' title='bbox 1634 1561 1859 1627; x_wconf 87' lang='lat' dir='ltr'>Nescio</span> <span class='ocrx_word' id='word_1_89' title='bbox 1900 1581 1979 1627; x_wconf 87' lang='lat' dir='ltr'>an</span> <span class='ocrx_word' id='word_1_90' title='bbox 2026 1564 2115 1628; x_wconf 89' lang='lat' dir='ltr'>sic</span> <span class='ocrx_word' id='word_1_91' title='bbox 2159 1582 2292 1629; x_wconf 90' lang='lat' dir='ltr'>rem</span> <span class='ocrx_word' id='word_1_92' title='bbox 2339 1565 2573 1647; x_wconf 88' lang='lat' dir='ltr'>optime</span> <span class='ocrx_word' id='word_1_93' title='bbox 2618 1584 2712 1629; x_wconf 85' lang='lat' dir='ltr'>ex·</span> 
     </span>
     <span class='ocr_line' id='line_1_13' title="bbox 503 1667 2717 1755; baseline 0.002 -23"><span class='ocrx_word' id='word_1_94' title='bbox 503 1668 712 1749; x_wconf 88' lang='lat' dir='ltr'>plices.</span> <span class='ocrx_word' id='word_1_95' title='bbox 751 1667 908 1732; x_wconf 87' lang='lat' dir='ltr'>Cum</span> <span class='ocrx_word' id='word_1_96' title='bbox 952 1671 1324 1752; x_wconf 89' lang='lat' dir='ltr'>Propertius</span> <span class='ocrx_word' id='word_1_97' title='bbox 1359 1669 1664 1750; x_wconf 89' lang='lat' dir='ltr'>perfidam</span> <span class='ocrx_word' id='word_1_98' title='bbox 1701 1672 1979 1751; x_wconf 86' lang='lat' dir='ltr'>puellam</span> <span class='ocrx_word' id='word_1_99' title='bbox 2010 1672 2214 1737; x_wconf 89' lang='lat' dir='ltr'>denuo</span> <span class='ocrx_word' id='word_1_100' title='bbox 2244 1671 2486 1737; x_wconf 88' lang='lat' dir='ltr'>frustra</span> <span class='ocrx_word' id='word_1_101' title='bbox 2520 1673 2717 1755; x_wconf 89' lang='lat' dir='ltr'>preci-</span> 
     </span>
    </p>
   </div>
   <div class='ocr_carea' id='block_1_3' title="bbox 497 1776 2814 1861">
    <p class='ocr_par' dir='ltr' id='par_1_3' title="bbox 497 1776 2814 1861">
     <span class='ocr_line' id='line_1_14' title="bbox 497 1776 2814 1861; baseline 0 -15"><span class='ocrx_word' id='word_1_102' title='bbox 497 1780 616 1846; x_wconf 90' lang='lat' dir='ltr'>bus</span> <span class='ocrx_word' id='word_1_103' title='bbox 661 1780 1147 1861; x_wconf 86' lang='lat' dir='ltr'>muneribusque</span> <span class='ocrx_word' id='word_1_104' title='bbox 1192 1781 1599 1845; x_wconf 87' lang='lat' dir='ltr'>reconciliare</span> <span class='ocrx_word' id='word_1_105' title='bbox 1629 1780 1993 1859; x_wconf 85' lang='lat' dir='ltr'>studuisset,</span> <span class='ocrx_word' id='word_1_106' title='bbox 2039 1779 2449 1848; x_wconf 87' lang='lat' dir='ltr'>effervescens</span> <span class='ocrx_word' id='word_1_107' title='bbox 2477 1783 2720 1847; x_wconf 89' lang='lat' dir='ltr'>animus</span> <span class='ocrx_word' id='word_1_108' title='bbox 2811 1776 2814 1778; x_wconf 63' lang='grc'><strong><em>’</em></strong></span> 
     </span>
    </p>
   </div>
   <div class='ocr_carea' id='block_1_4' title="bbox 499 1890 2727 3715">
    <p class='ocr_par' dir='ltr' id='par_1_4' title="bbox 509 1890 2724 2186">
     <span class='ocr_line' id='line_1_15' title="bbox 513 1890 2722 1974; baseline 0 -17"><span class='ocrx_word' id='word_1_109' title='bbox 513 1898 738 1973; x_wconf 72' lang='lat' dir='ltr'>poetae</span> <span class='ocrx_word' id='word_1_110' title='bbox 796 1898 986 1973; x_wconf 90' lang='lat' dir='ltr'>atque</span> <span class='ocrx_word' id='word_1_111' title='bbox 1048 1894 1146 1957; x_wconf 89' lang='lat' dir='ltr'>ira</span> <span class='ocrx_word' id='word_1_112' title='bbox 1205 1890 1643 1969; x_wconf 81' lang='lat' dir='ltr'>infiammatuS,</span> <span class='ocrx_word' id='word_1_113' title='bbox 1711 1891 1941 1971; x_wconf 90' lang='lat' dir='ltr'>prioris</span> <span class='ocrx_word' id='word_1_114' title='bbox 2001 1892 2201 1957; x_wconf 90' lang='lat' dir='ltr'>mutui</span> <span class='ocrx_word' id='word_1_115' title='bbox 2261 1893 2493 1959; x_wconf 89' lang='lat' dir='ltr'>amoris</span> <span class='ocrx_word' id='word_1_116' title='bbox 2538 1894 2722 1974; x_wconf 89' lang='lat' dir='ltr'>plane</span> 
     </span>
     <span class='ocr_line' id='line_1_16' title="bbox 509 1999 2724 2081; baseline -0 -16"><span class='ocrx_word' id='word_1_117' title='bbox 509 2000 742 2066; x_wconf 80' lang='lat' dir='ltr'>oblitus</span> <span class='ocrx_word' id='word_1_118' title='bbox 787 2006 884 2066; x_wconf 88' lang='lat' dir='ltr'>est</span> <span class='ocrx_word' id='word_1_119' title='bbox 930 2007 1125 2080; x_wconf 92' lang='lat' dir='ltr'>atque</span> <span class='ocrx_word' id='word_1_120' title='bbox 1170 2000 1330 2065; x_wconf 90' lang='lat' dir='ltr'>hanc</span> <span class='ocrx_word' id='word_1_121' title='bbox 1375 1999 1631 2081; x_wconf 88' lang='lat' dir='ltr'>scripsit</span> <span class='ocrx_word' id='word_1_122' title='bbox 1676 1999 1961 2080; x_wconf 84' lang='lat' dir='ltr'>elegiam,</span> <span class='ocrx_word' id='word_1_123' title='bbox 2028 2001 2091 2063; x_wconf 91' lang='lat' dir='ltr'>in</span> <span class='ocrx_word' id='word_1_124' title='bbox 2137 2018 2279 2080; x_wconf 90' lang='lat' dir='ltr'>qua,</span> <span class='ocrx_word' id='word_1_125' title='bbox 2334 2001 2509 2080; x_wconf 79' lang='lat' dir='ltr'>Justo</span> <span class='ocrx_word' id='word_1_126' title='bbox 2554 2019 2724 2067; x_wconf 85' lang='lat' dir='ltr'>acer-</span> 
     </span>
     <span class='ocr_line' id='line_1_17' title="bbox 511 2106 2453 2186; baseline 0.001 -16"><span class='ocrx_word' id='word_1_127' title='bbox 511 2106 668 2186; x_wconf 90' lang='lat' dir='ltr'>bius,</span> <span class='ocrx_word' id='word_1_128' title='bbox 706 2125 1025 2186; x_wconf 90' lang='lat' dir='ltr'>nunquam</span> <span class='ocrx_word' id='word_1_129' title='bbox 1074 2126 1140 2171; x_wconf 87' lang='lat' dir='ltr'>se</span> <span class='ocrx_word' id='word_1_130' title='bbox 1188 2112 1465 2171; x_wconf 88' lang='lat' dir='ltr'>amatum</span> <span class='ocrx_word' id='word_1_131' title='bbox 1514 2124 1668 2184; x_wconf 89' lang='lat' dir='ltr'>esse,</span> <span class='ocrx_word' id='word_1_132' title='bbox 1736 2125 1965 2186; x_wconf 88' lang='lat' dir='ltr'>magna</span> <span class='ocrx_word' id='word_1_133' title='bbox 2010 2124 2161 2170; x_wconf 88' lang='lat' dir='ltr'>voce</span> <span class='ocrx_word' id='word_1_134' title='bbox 2206 2107 2453 2172; x_wconf 87' lang='lat' dir='ltr'>clamat.</span> 
     </span>
    </p>

    <p class='ocr_par' dir='ltr' id='par_1_5' title="bbox 502 2214 2727 2719">
     <span class='ocr_line' id='line_1_18' title="bbox 679 2214 2724 2296; baseline 0 -16"><span class='ocrx_word' id='word_1_135' title='bbox 679 2215 802 2280; x_wconf 88' lang='lat' dir='ltr'>Sed</span> <span class='ocrx_word' id='word_1_136' title='bbox 849 2234 1013 2279; x_wconf 89' lang='lat' dir='ltr'>nunc</span> <span class='ocrx_word' id='word_1_137' title='bbox 1061 2234 1185 2296; x_wconf 94' lang='lat' dir='ltr'>quo</span> <span class='ocrx_word' id='word_1_138' title='bbox 1243 2216 1374 2279; x_wconf 85' lang='lat' dir='ltr'>ruit</span> <span class='ocrx_word' id='word_1_139' title='bbox 1421 2215 1846 2296; x_wconf 74' lang='lat' dir='ltr'>Propertius?</span> <span class='ocrx_word' id='word_1_140' title='bbox 1916 2216 2067 2296; x_wconf 88' lang='lat' dir='ltr'>quid</span> <span class='ocrx_word' id='word_1_141' title='bbox 2116 2214 2367 2280; x_wconf 89' lang='lat' dir='ltr'>tandem</span> <span class='ocrx_word' id='word_1_142' title='bbox 2412 2214 2621 2282; x_wconf 88' lang='lat' dir='ltr'>facere</span> <span class='ocrx_word' id='word_1_143' title='bbox 2667 2218 2724 2281; x_wconf 94' lang='lat' dir='ltr'>ei</span> 
     </span>
     <span class='ocr_line' id='line_1_19' title="bbox 513 2324 2725 2408; baseline 0 -16"><span class='ocrx_word' id='word_1_144' title='bbox 513 2328 574 2392; x_wconf 93' lang='lat' dir='ltr'>in</span> <span class='ocrx_word' id='word_1_145' title='bbox 619 2327 826 2392; x_wconf 90' lang='lat' dir='ltr'>animo</span> <span class='ocrx_word' id='word_1_146' title='bbox 865 2325 1006 2391; x_wconf 85' lang='lat' dir='ltr'>est‘?</span> <span class='ocrx_word' id='word_1_147' title='bbox 1081 2325 1216 2391; x_wconf 91' lang='lat' dir='ltr'>Hoc</span> <span class='ocrx_word' id='word_1_148' title='bbox 1275 2324 1390 2391; x_wconf 88' lang='lat' dir='ltr'>tibi</span> <span class='ocrx_word' id='word_1_149' title='bbox 1455 2326 1784 2408; x_wconf 88' lang='lat' dir='ltr'>quaerenti</span> <span class='ocrx_word' id='word_1_150' title='bbox 1831 2327 2171 2408; x_wconf 84' lang='lat' dir='ltr'>respondet</span> <span class='ocrx_word' id='word_1_151' title='bbox 2216 2348 2405 2396; x_wconf 88' lang='lat' dir='ltr'>carm.</span> <span class='ocrx_word' id='word_1_152' title='bbox 2456 2326 2567 2406; x_wconf 96' lang='lat' dir='ltr'>III,</span> <span class='ocrx_word' id='word_1_153' title='bbox 2617 2332 2725 2392; x_wconf 90' lang='lat'>10:</span> 
     </span>
     <span class='ocr_line' id='line_1_20' title="bbox 509 2439 2727 2522; baseline 0.002 -20"><span class='ocrx_word' id='word_1_154' title='bbox 509 2439 820 2503; x_wconf 89' lang='lat' dir='ltr'>convertit</span> <span class='ocrx_word' id='word_1_155' title='bbox 864 2457 947 2518; x_wconf 88' lang='lat' dir='ltr'>se,</span> <span class='ocrx_word' id='word_1_156' title='bbox 1021 2439 1206 2518; x_wconf 91' lang='lat' dir='ltr'>plane</span> <span class='ocrx_word' id='word_1_157' title='bbox 1265 2439 1610 2519; x_wconf 88' lang='lat' dir='ltr'>desperans</span> <span class='ocrx_word' id='word_1_158' title='bbox 1658 2439 1737 2505; x_wconf 88' lang='lat' dir='ltr'>de</span> <span class='ocrx_word' id='word_1_159' title='bbox 1782 2458 2017 2522; x_wconf 86' lang='lat' dir='ltr'>amore,</span> <span class='ocrx_word' id='word_1_160' title='bbox 2100 2439 2180 2505; x_wconf 89' lang='lat' dir='ltr'>ad</span> <span class='ocrx_word' id='word_1_161' title='bbox 2226 2442 2402 2522; x_wconf 87' lang='lat' dir='ltr'>epica</span> <span class='ocrx_word' id='word_1_162' title='bbox 2448 2443 2727 2507; x_wconf 86' lang='lat' dir='ltr'>carmina</span> 
     </span>
     <span class='ocr_line' id='line_1_21' title="bbox 509 2544 2721 2632; baseline 0.001 -22"><span class='ocrx_word' id='word_1_163' title='bbox 509 2545 954 2625; x_wconf 87' lang='lat' dir='ltr'>componenda,</span> <span class='ocrx_word' id='word_1_164' title='bbox 1008 2544 1099 2632; x_wconf 54' lang='lat' dir='ltr'>„ad</span> <span class='ocrx_word' id='word_1_165' title='bbox 1148 2547 1505 2628; x_wconf 87' lang='lat' dir='ltr'>Augustum</span> <span class='ocrx_word' id='word_1_166' title='bbox 1566 2549 2026 2631; x_wconf 83' lang='lat' dir='ltr'>celebrandum,</span> <span class='ocrx_word' id='word_1_167' title='bbox 2095 2550 2155 2614; x_wconf 90' lang='lat' dir='ltr'>id</span> <span class='ocrx_word' id='word_1_168' title='bbox 2201 2549 2367 2630; x_wconf 90' lang='lat' dir='ltr'>quod</span> <span class='ocrx_word' id='word_1_169' title='bbox 2406 2567 2721 2631; x_wconf 89' lang='lat' dir='ltr'>nunquam</span> 
     </span>
     <span class='ocr_line' id='line_1_22' title="bbox 502 2652 1136 2719; baseline 0.002 -3"><span class='ocrx_word' id='word_1_170' title='bbox 502 2659 690 2718; x_wconf 88' lang='lat' dir='ltr'>antea</span> <span class='ocrx_word' id='word_1_171' title='bbox 734 2652 925 2717; x_wconf 90' lang='lat' dir='ltr'>ans‘us</span> <span class='ocrx_word' id='word_1_172' title='bbox 964 2661 1136 2719; x_wconf 89' lang='lat' dir='ltr'>erat:</span> 
     </span>
    </p>

    <p class='ocr_par' dir='ltr' id='par_1_6' title="bbox 678 2762 2599 2836">
     <span class='ocr_line' id='line_1_23' title="bbox 678 2762 2599 2836; baseline 0.005 -10"><span class='ocrx_word' id='word_1_173' title='bbox 678 2762 968 2827; x_wconf 88' lang='lat' dir='ltr'>Nondum</span> <span class='ocrx_word' id='word_1_174' title='bbox 1017 2764 1205 2828; x_wconf 90' lang='lat' dir='ltr'>etiam</span> <span class='ocrx_word' id='word_1_175' title='bbox 1254 2765 1561 2831; x_wconf 89' lang='lat' dir='ltr'>Ascraeos</span> <span class='ocrx_word' id='word_1_176' title='bbox 1606 2773 1840 2832; x_wconf 89' lang='lat' dir='ltr'>norunt</span> <span class='ocrx_word' id='word_1_177' title='bbox 1884 2786 2024 2832; x_wconf 90' lang='lat' dir='ltr'>mea</span> <span class='ocrx_word' id='word_1_178' title='bbox 2069 2769 2350 2834; x_wconf 88' lang='lat' dir='ltr'>carmina</span> <span class='ocrx_word' id='word_1_179' title='bbox 2392 2768 2599 2836; x_wconf 89' lang='lat' dir='ltr'>fontes</span> 
     </span>
    </p>

    <p class='ocr_par' dir='ltr' id='par_1_7' title="bbox 499 2874 2722 3715">
     <span class='ocr_line' id='line_1_24' title="bbox 668 2874 2186 2943; baseline 0.003 -6"><span class='ocrx_word' id='word_1_180' title='bbox 668 2877 733 2937; x_wconf 90' lang='lat' dir='ltr'>et</span> <span class='ocrx_word' id='word_1_181' title='bbox 775 2875 959 2937; x_wconf 86' lang='lat' dir='ltr'>modo</span> <span class='ocrx_word' id='word_1_182' title='bbox 1005 2874 1318 2939; x_wconf 89' lang='lat' dir='ltr'>Permessi</span> <span class='ocrx_word' id='word_1_183' title='bbox 1355 2874 1608 2941; x_wconf 89' lang='lat' dir='ltr'>flumine</span> <span class='ocrx_word' id='word_1_184' title='bbox 1651 2877 1805 2943; x_wconf 87' lang='lat' dir='ltr'>lavit</span> <span class='ocrx_word' id='word_1_185' title='bbox 1850 2879 2060 2942; x_wconf 90' lang='lat' dir='ltr'>Amor.</span> <span class='ocrx_word' id='word_1_186' title='bbox 2106 2913 2186 2923; x_wconf 79' lang='lat'>—</span> 
     </span>
     <span class='ocr_line' id='line_1_25' title="bbox 505 2982 2720 3073; baseline 0.004 -27"><span class='ocrx_word' id='word_1_187' title='bbox 505 2982 627 3047; x_wconf 87' lang='lat' dir='ltr'>Sed</span> <span class='ocrx_word' id='word_1_188' title='bbox 696 3002 817 3048; x_wconf 90' lang='lat' dir='ltr'>non</span> <span class='ocrx_word' id='word_1_189' title='bbox 893 2986 1159 3049; x_wconf 90' lang='lat' dir='ltr'>multum</span> <span class='ocrx_word' id='word_1_190' title='bbox 1226 2993 1476 3068; x_wconf 74' lang='lat' dir='ltr'>poetam</span> <span class='ocrx_word' id='word_1_191' title='bbox 1550 2989 1611 3053; x_wconf 93' lang='lat' dir='ltr'>in</span> <span class='ocrx_word' id='word_1_192' title='bbox 1673 2989 1790 3053; x_wconf 87' lang='lat' dir='ltr'>hac</span> <span class='ocrx_word' id='word_1_193' title='bbox 1840 2996 1978 3054; x_wconf 86' lang='lat' dir='ltr'>arte</span> <span class='ocrx_word' id='word_1_194' title='bbox 2034 2989 2375 3071; x_wconf 88' lang='lat' dir='ltr'>profecisse</span> <span class='ocrx_word' id='word_1_195' title='bbox 2420 2991 2509 3072; x_wconf 79' lang='lat' dir='ltr'>(id</span> <span class='ocrx_word' id='word_1_196' title='bbox 2556 2990 2720 3073; x_wconf 90' lang='lat' dir='ltr'>quod</span> 
     </span>
     <span class='ocr_line' id='line_1_26' title="bbox 499 3091 2721 3177; baseline 0.004 -24"><span class='ocrx_word' id='word_1_197' title='bbox 499 3091 832 3171; x_wconf 91' lang='lat' dir='ltr'>providere</span> <span class='ocrx_word' id='word_1_198' title='bbox 894 3091 1149 3173; x_wconf 87' lang='lat' dir='ltr'>licebat)</span> <span class='ocrx_word' id='word_1_199' title='bbox 1211 3113 1244 3158; x_wconf 92' lang='lat' dir='ltr'>e</span> <span class='ocrx_word' id='word_1_200' title='bbox 1304 3113 1492 3159; x_wconf 87' lang='lat' dir='ltr'>carm.</span> <span class='ocrx_word' id='word_1_201' title='bbox 1559 3096 1669 3174; x_wconf 89' lang='lat' dir='ltr'>III,</span> <span class='ocrx_word' id='word_1_202' title='bbox 1747 3102 1820 3160; x_wconf 88' lang='grc'>12</span> <span class='ocrx_word' id='word_1_203' title='bbox 1880 3115 2029 3162; x_wconf 88' lang='lat' dir='ltr'>vere</span> <span class='ocrx_word' id='word_1_204' title='bbox 2088 3098 2539 3177; x_wconf 86' lang='lat' dir='ltr'>cognoscimus.</span> <span class='ocrx_word' id='word_1_205' title='bbox 2625 3098 2721 3163; x_wconf 91' lang='lat' dir='ltr'>Ibi</span> 
     </span>
     <span class='ocr_line' id='line_1_27' title="bbox 508 3200 2721 3288; baseline 0.003 -25"><span class='ocrx_word' id='word_1_206' title='bbox 508 3200 671 3263; x_wconf 88' lang='lat' dir='ltr'>enim</span> <span class='ocrx_word' id='word_1_207' title='bbox 717 3206 906 3280; x_wconf 71' lang='lat' dir='ltr'>poeta</span> <span class='ocrx_word' id='word_1_208' title='bbox 948 3201 1009 3264; x_wconf 92' lang='lat' dir='ltr'>in</span> <span class='ocrx_word' id='word_1_209' title='bbox 1057 3220 1273 3282; x_wconf 89' lang='lat' dir='ltr'>pacem</span> <span class='ocrx_word' id='word_1_210' title='bbox 1313 3202 1500 3267; x_wconf 87' lang='lat' dir='ltr'>rediit</span> <span class='ocrx_word' id='word_1_211' title='bbox 1545 3210 1609 3268; x_wconf 88' lang='lat' dir='ltr'>et</span> <span class='ocrx_word' id='word_1_212' title='bbox 1650 3203 1711 3267; x_wconf 93' lang='lat' dir='ltr'>in</span> <span class='ocrx_word' id='word_1_213' title='bbox 1760 3210 1971 3269; x_wconf 86' lang='lat' dir='ltr'>castra</span> <span class='ocrx_word' id='word_1_214' title='bbox 2015 3204 2297 3284; x_wconf 84' lang='lat' dir='ltr'>Amoris3</span> <span class='ocrx_word' id='word_1_215' title='bbox 2337 3206 2471 3288; x_wconf 89' lang='lat' dir='ltr'>jam</span> <span class='ocrx_word' id='word_1_216' title='bbox 2517 3204 2721 3269; x_wconf 89' lang='lat' dir='ltr'>denuo</span> 
     </span>
     <span class='ocr_line' id='line_1_28' title="bbox 515 3311 2721 3396; baseline 0 -21"><span class='ocrx_word' id='word_1_217' title='bbox 515 3311 826 3375; x_wconf 86' lang='lat' dir='ltr'>amatoria</span> <span class='ocrx_word' id='word_1_218' title='bbox 873 3311 1152 3376; x_wconf 86' lang='lat' dir='ltr'>carmina</span> <span class='ocrx_word' id='word_1_219' title='bbox 1206 3316 1584 3391; x_wconf 88' lang='lat' dir='ltr'>pangentem</span> <span class='ocrx_word' id='word_1_220' title='bbox 1642 3331 1781 3376; x_wconf 89' lang='lat' dir='ltr'>eum</span> <span class='ocrx_word' id='word_1_221' title='bbox 1829 3311 2111 3378; x_wconf 86' lang='lat' dir='ltr'>videmus</span> <span class='ocrx_word' id='word_1_222' title='bbox 2156 3333 2355 3396; x_wconf 90' lang='lat' dir='ltr'>usque</span> <span class='ocrx_word' id='word_1_223' title='bbox 2399 3314 2479 3379; x_wconf 89' lang='lat' dir='ltr'>ad</span> <span class='ocrx_word' id='word_1_224' title='bbox 2529 3331 2721 3379; x_wconf 85' lang='lat' dir='ltr'>carm.</span> 
     </span>
     <span class='ocr_line' id='line_1_29' title="bbox 523 3420 2722 3501; baseline 0.002 -19"><span class='ocrx_word' id='word_1_225' title='bbox 523 3420 632 3500; x_wconf 86' lang='grc' dir='ltr'>ΙΙΙ,</span> <span class='ocrx_word' id='word_1_226' title='bbox 679 3425 776 3499; x_wconf 88' lang='lat'>34,</span> <span class='ocrx_word' id='word_1_227' title='bbox 822 3420 929 3484; x_wconf 91' lang='lat' dir='ltr'>ubi</span> <span class='ocrx_word' id='word_1_228' title='bbox 974 3422 1204 3486; x_wconf 88' lang='lat' dir='ltr'>iterum</span> <span class='ocrx_word' id='word_1_229' title='bbox 1250 3421 1415 3486; x_wconf 88' lang='lat' dir='ltr'>bella</span> <span class='ocrx_word' id='word_1_230' title='bbox 1460 3429 1787 3501; x_wconf 88' lang='lat' dir='ltr'>geruntur.</span> <span class='ocrx_word' id='word_1_231' title='bbox 1835 3422 1929 3486; x_wconf 93' lang='lat' dir='ltr'>De</span> <span class='ocrx_word' id='word_1_232' title='bbox 1970 3421 2087 3488; x_wconf 90' lang='lat' dir='ltr'>hac</span> <span class='ocrx_word' id='word_1_233' title='bbox 2116 3423 2347 3488; x_wconf 90' lang='lat' dir='ltr'>amoris</span> <span class='ocrx_word' id='word_1_234' title='bbox 2380 3427 2722 3488; x_wconf 85' lang='lat' dir='ltr'>commuta-</span> 
     </span>
     <span class='ocr_line' id='line_1_30' title="bbox 510 3527 2721 3609; baseline 0 -19"><span class='ocrx_word' id='word_1_235' title='bbox 510 3527 679 3591; x_wconf 89' lang='lat' dir='ltr'>tione</span> <span class='ocrx_word' id='word_1_236' title='bbox 723 3527 1159 3592; x_wconf 87' lang='lat' dir='ltr'>Heimreichus</span> <span class='ocrx_word' id='word_1_237' title='bbox 1202 3546 1346 3609; x_wconf 89' lang='lat' dir='ltr'>pag.</span> <span class='ocrx_word' id='word_1_238' title='bbox 1394 3533 1494 3592; x_wconf 85' lang='lat'>27.</span> <span class='ocrx_word' id='word_1_239' title='bbox 1533 3531 1634 3594; x_wconf 81' lang='lat'>28.</span> <span class='ocrx_word' id='word_1_240' title='bbox 1681 3529 1928 3595; x_wconf 90' lang='lat' dir='ltr'>locutus</span> <span class='ocrx_word' id='word_1_241' title='bbox 1973 3536 2071 3595; x_wconf 90' lang='lat' dir='ltr'>est</span> <span class='ocrx_word' id='word_1_242' title='bbox 2113 3535 2178 3594; x_wconf 92' lang='lat' dir='ltr'>et</span> <span class='ocrx_word' id='word_1_243' title='bbox 2220 3530 2584 3607; x_wconf 86' lang='lat' dir='ltr'>rectissime,</span> <span class='ocrx_word' id='word_1_244' title='bbox 2651 3536 2721 3591; x_wconf 88' lang='lat' dir='ltr'>ut</span> 
     </span>
     <span class='ocr_line' id='line_1_31' title="bbox 506 3630 2187 3715; baseline 0.003 -20"><span class='ocrx_word' id='word_1_245' title='bbox 506 3630 657 3695; x_wconf 89' lang='lat' dir='ltr'>mihi</span> <span class='ocrx_word' id='word_1_246' title='bbox 704 3633 970 3712; x_wconf 85' lang='lat' dir='ltr'>videtur,</span> <span class='ocrx_word' id='word_1_247' title='bbox 1032 3641 1306 3715; x_wconf 87' lang='lat' dir='ltr'>quatuor</span> <span class='ocrx_word' id='word_1_248' title='bbox 1351 3635 1579 3699; x_wconf 88' lang='lat' dir='ltr'>statuit</span> <span class='ocrx_word' id='word_1_249' title='bbox 1621 3634 1872 3700; x_wconf 88' lang='lat' dir='ltr'>amandi</span> <span class='ocrx_word' id='word_1_250' title='bbox 1913 3642 2187 3702; x_wconf 81' lang='lat' dir='ltr'>aetates:</span> 
     </span>
    </p>
   </div>
   <div class='ocr_carea' id='block_1_5' title="bbox 496 3753 2718 4165">
    <p class='ocr_par' dir='ltr' id='par_1_8' title="bbox 496 3753 2718 4165">
     <span class='ocr_line' id='line_1_32' title="bbox 682 3753 2718 3838; baseline 0.001 -21"><span class='ocrx_word' id='word_1_251' title='bbox 682 3753 914 3820; x_wconf 73' lang='lat' dir='ltr'>Prima</span> <span class='ocrx_word' id='word_1_252' title='bbox 954 3759 1132 3819; x_wconf 78' lang='lat' dir='ltr'>aetas</span> <span class='ocrx_word' id='word_1_253' title='bbox 1173 3757 1445 3838; x_wconf 90' lang='lat' dir='ltr'>primum</span> <span class='ocrx_word' id='word_1_254' title='bbox 1494 3755 1931 3838; x_wconf 84' lang='lat' dir='ltr'>complectitur</span> <span class='ocrx_word' id='word_1_255' title='bbox 1976 3756 2235 3832; x_wconf 84' lang='lat' dir='ltr'>librum3</span> <span class='ocrx_word' id='word_1_256' title='bbox 2301 3759 2489 3836; x_wconf 71' lang='lat' dir='ltr'>poeta</span> <span class='ocrx_word' id='word_1_257' title='bbox 2532 3754 2718 3820; x_wconf 90' lang='lat' dir='ltr'>modo</span> 
     </span>
     <span class='ocr_line' id='line_1_33' title="bbox 511 3861 2718 3946; baseline 0 -19"><span class='ocrx_word' id='word_1_258' title='bbox 511 3869 681 3927; x_wconf 90' lang='lat' dir='ltr'>amat</span> <span class='ocrx_word' id='word_1_259' title='bbox 727 3881 912 3944; x_wconf 91' lang='lat' dir='ltr'>quam</span> <span class='ocrx_word' id='word_1_260' title='bbox 959 3863 1520 3942; x_wconf 87' lang='lat' dir='ltr'>vehementissime,</span> <span class='ocrx_word' id='word_1_261' title='bbox 1576 3863 1762 3928; x_wconf 90' lang='lat' dir='ltr'>modo</span> <span class='ocrx_word' id='word_1_262' title='bbox 1807 3863 2057 3928; x_wconf 88' lang='lat' dir='ltr'>dubitat</span> <span class='ocrx_word' id='word_1_263' title='bbox 2104 3863 2182 3927; x_wconf 90' lang='lat' dir='ltr'>de</span> <span class='ocrx_word' id='word_1_264' title='bbox 2224 3861 2347 3927; x_wconf 88' lang='lat' dir='ltr'>fide</span> <span class='ocrx_word' id='word_1_265' title='bbox 2392 3862 2718 3946; x_wconf 85' lang='lat' dir='ltr'>Cynthiae,</span> 
     </span>
     <span class='ocr_line' id='line_1_34' title="bbox 496 3972 2717 4055; baseline 0.002 -19"><span class='ocrx_word' id='word_1_266' title='bbox 496 3973 681 4037; x_wconf 91' lang='lat' dir='ltr'>modo</span> <span class='ocrx_word' id='word_1_267' title='bbox 765 3972 1170 4039; x_wconf 87' lang='lat' dir='ltr'>lamentando</span> <span class='ocrx_word' id='word_1_268' title='bbox 1250 3992 1464 4038; x_wconf 89' lang='lat' dir='ltr'>amare</span> <span class='ocrx_word' id='word_1_269' title='bbox 1560 3992 1627 4038; x_wconf 90' lang='lat' dir='ltr'>se</span> <span class='ocrx_word' id='word_1_270' title='bbox 1713 3991 1934 4038; x_wconf 89' lang='lat' dir='ltr'>rursus</span> <span class='ocrx_word' id='word_1_271' title='bbox 2015 3972 2331 4055; x_wconf 85' lang='lat' dir='ltr'>ardenter,</span> <span class='ocrx_word' id='word_1_272' title='bbox 2425 3978 2717 4041; x_wconf 87' lang='lat' dir='ltr'>testatur.</span> 
     </span>
     <span class='ocr_line' id='line_1_35' title="bbox 509 4077 2717 4165; baseline 0.001 -22"><span class='ocrx_word' id='word_1_273' title='bbox 509 4077 797 4144; x_wconf 64' lang='lat' dir='ltr'>Semnum</span> <span class='ocrx_word' id='word_1_274' title='bbox 841 4083 1018 4143; x_wconf 79' lang='lat' dir='ltr'>aetas</span> <span class='ocrx_word' id='word_1_275' title='bbox 1056 4079 1199 4144; x_wconf 89' lang='lat' dir='ltr'>libri</span> <span class='ocrx_word' id='word_1_276' title='bbox 1244 4081 1499 4146; x_wconf 89' lang='lat' dir='ltr'>secundi</span> <span class='ocrx_word' id='word_1_277' title='bbox 1546 4080 1827 4145; x_wconf 86' lang='lat' dir='ltr'>carmina</span> <span class='ocrx_word' id='word_1_278' title='bbox 1869 4081 2085 4163; x_wconf 87' lang='lat' dir='ltr'>priora</span> <span class='ocrx_word' id='word_1_279' title='bbox 2129 4082 2417 4148; x_wconf 88' lang='lat' dir='ltr'>undecim</span> <span class='ocrx_word' id='word_1_280' title='bbox 2448 4080 2561 4165; x_wconf 90' lang='grc' dir='ltr'>(ΙΙ.</span> <span class='ocrx_word' id='word_1_281' title='bbox 2605 4082 2717 4161; x_wconf 89' lang='grc' dir='ltr'>ΙΙΙ,</span> 
     </span>
    </p>
   </div>
   <div class='ocr_carea' id='block_1_6' title="bbox 510 4189 2717 4275">
    <p class='ocr_par' dir='ltr' id='par_1_9' title="bbox 510 4189 2717 4275">
     <span class='ocr_line' id='line_1_36' title="bbox 510 4189 2717 4275; baseline 0.002 -22"><span class='ocrx_word' id='word_1_282' title='bbox 510 4195 601 4254; x_wconf 90' lang='lat'>10.</span> <span class='ocrx_word' id='word_1_283' title='bbox 655 4190 775 4269; x_wconf 93' lang='lat'>11.)</span> <span class='ocrx_word' id='word_1_284' title='bbox 841 4189 1308 4271; x_wconf 82' lang='lat' dir='ltr'>complectitur3</span> <span class='ocrx_word' id='word_1_285' title='bbox 1396 4195 1586 4270; x_wconf 78' lang='lat' dir='ltr'>poeta</span> <span class='ocrx_word' id='word_1_286' title='bbox 1625 4190 1895 4271; x_wconf 91' lang='lat' dir='ltr'>primum</span> <span class='ocrx_word' id='word_1_287' title='bbox 1941 4197 2114 4258; x_wconf 88' lang='lat' dir='ltr'>amat</span> <span class='ocrx_word' id='word_1_288' title='bbox 2158 4210 2346 4275; x_wconf 88' lang='lat' dir='ltr'>quam</span> <span class='ocrx_word' id='word_1_289' title='bbox 2390 4193 2717 4259; x_wconf 89' lang='lat' dir='ltr'>vehemen-</span> 
     </span>
    </p>
   </div>
  </div>
 </body>
</html>
