3082 4688
1448 278 1865 347 ...40-

525 462 838 543 ostendit3
922 483 1190 547 eumque
1232 464 1296 530 in
1341 464 1628 548 proxima
1670 483 1919 550 quoque
1964 465 2165 548 elegia
2208 467 2315 548 IX,
2386 466 2767 536 invenimus

528 576 592 640 in
630 575 766 657 ipso
817 575 1028 641 initio:

1033 706 1163 770 Iste
1220 704 1388 785 quod
1435 711 1531 772 est
1574 724 1690 788 ego
1735 724 1924 789 saepe
1968 706 2062 773 fui
2106 713 2225 774 etc.

525 814 703 879 Hanc
759 814 956 895 igitur
1019 814 1212 880 habes
1254 817 1530 881 restituti
1577 818 1869 883 carminis
1914 815 2214 884 formam:

734 925 1019 1005 Eripitur
1060 924 1238 989 nobis
1264 926 1399 1006 ,iam
1444 925 1689 1007 pridem
1734 945 1882 992 cara
1927 930 2152 1010 puella

733 1039 797 1097 et
840 1038 910 1098 tu
951 1052 1049 1098 me
1093 1032 1403 1112 lacrimas,
1464 1032 1745 1114 fundere,
1792 1035 2007 1116 amice,
2052 1037 2275 1101 vetas!

728 1142 937 1207 nullae
980 1147 1128 1207 sunt
1171 1140 1535 1206 inimicitiae
1581 1142 1701 1205 nisi
1738 1142 1969 1207 amoris
2017 1142 2324 1208 acerbae!

730 1250 934 1332 ipsum
984 1269 1084 1316 me
1120 1251 1363 1332 jugula,
1414 1251 1617 1315 lenior
1653 1250 1850 1316 hostis
1896 1270 2025 1316 ero,

653 1362 688 1421 5
731 1375 985 1437 possum
1029 1375 1146 1437 ego
1206 1356 1268 1421 in
1314 1358 1575 1422 alterius
1622 1357 1890 1438 positam
1936 1363 2233 1440 spectare
2277 1359 2512 1425 lacerto
2546 1360 2576 1422 ‘1'

731 1483 844 1530 nec
886 1483 1028 1530 mea
1072 1465 1333 1544 dicetur,
1377 1483 1540 1547 quae
1585 1464 1769 1530 modo
1817 1466 1985 1531 dicta
2035 1467 2286 1532 meast?
2332 1504 2416 1516 —

730 1574 939 1639 omnia
982 1578 1351 1638 vertuntur:
1414 1578 1585 1639 certe
1626 1578 1967 1639 vertuntur
2013 1592 2302 1639 amores:

726 1681 1026 1745 vinceris:
1091 1679 1344 1744 invictis
1386 1679 1541 1747 haec
1584 1680 1647 1745 in
1691 1699 1904 1746 amore
1940 1686 2169 1748 rotast.

728 1786 938 1866 magni
983 1805 1171 1868 saepe
1214 1787 1423 1868 duceS,
1467 1786 1679 1869 magni
1724 1789 2005 1854 cecidere
2052 1791 2337 1871 tyranni,

610 1900 683 1960 10
726 1901 789 1960 et
823 1895 1073 1961 Thebae
1118 1901 1433 1962 steterunt
1477 1897 1730 1978 altaque
1776 1898 1966 1979 Troja
2011 1896 2132 1963 fuit
2168 1920 2182 1963 ε
2296 1904 2298 1921 ⁴

729 2004 818 2069 sic
858 2004 1054 2084 igitur
1087 2004 1294 2084 prima
1337 2005 1606 2070 moriere
1652 2010 1879 2085 aetate,
1923 2006 2268 2088 Properti!

727 2111 834 2175 sed
883 2129 1147 2191 morere,
1205 2112 1465 2176 interitu
1508 2112 1784 2193 gaudeat
1828 2115 1938 2179 illa
1984 2121 2118 2195 tue,

725 2219 1001 2301 exagitet
1045 2225 1295 2285 nostros
1340 2238 1575 2300 maneS‚
1617 2226 1895 2287 sectetur
1934 2229 1998 2289 et
2045 2225 2327 2306 umbram,

724 2327 1108 2411 insultetque
1151 2328 1340 2411 rogis
1385 2329 1584 2396 calcet
1629 2335 1692 2398 et
1736 2351 1881 2399 ossa
1923 2352 2081 2400 mea.
2126 2371 2204 2380 —-

516 2490 520 2496 .
605 2441 680 2503 15
722 2438 921 2520 quid‘?
967 2458 1089 2504 non
1137 2439 1480 2522 Antigones
1526 2442 1769 2507 tumulo
1815 2443 2111 2511 Boeotius
2161 2445 2446 2511 Haemon

730 2547 969 2612 corruit
1014 2547 1147 2628 ipse
1185 2566 1299 2613 suo
1345 2548 1595 2614 saucius
1642 2568 1790 2615 ense
1833 2550 2025 2631 latua,

729 2661 794 2720 et
837 2674 952 2720 sua
995 2673 1134 2720 cum
1178 2656 1448 2722 miserae
1487 2656 1856 2737 permiscuit
1901 2676 2045 2723 ossa
2088 2657 2359 2737 puellae,

728 2779 854 2842 qua
897 2760 1032 2826 sine
1068 2759 1431 2826 Thebanam
1478 2761 1680 2825 noluit
1715 2761 1809 2825 ire
1853 2761 2154 2825 domum?
2194 2794 2269 2806 -

730 2867 841 2932 sed
885 2885 1010 2932 non
1057 2864 1348 2949 effugies:
1395 2865 1655 2930 'mecum
1701 2866 1991 2931 moriaris
2037 2871 2316 2947 opertet:

628 3055 633 3060 ᾖ
726 2976 843 3043 hoc
888 2975 1106 3042 eodem
1153 2974 1323 3042 ferro
1369 2974 1566 3039 stillet
1630 2980 1898 3055 uterque
1955 2993 2143 3040 cruor
2184 2993 2318 3056 sqq.

689 3085 956 3150 Restant
1013 3083 1209 3164 igitur
1270 3087 1306 3147 6
1368 3100 1585 3148 versus
1632 3083 1954 3168 (ll—16),
2029 3085 2107 3150 de
2159 3084 2385 3165 quibus
2448 3083 2600 3165 quid
2657 3082 2741 3148 sit

523 3193 953 3272 statuendum,
1015 3198 1151 3257 tum
1212 3190 1458 3256 demum
1504 3191 1853 3273 poterimus
1890 3192 2195 3273 judicare,
2254 3211 2393 3258 cum
2438 3193 2615 3274 prius
2662 3191 2741 3256 de

525 3301 804 3367 carmine
850 3299 1039 3380 III,ll
1092 3317 1304 3365 veram
1354 3298 1695 3365 dixerimus
1741 3300 2137 3366 sententiam.

593 3526 846 3583 cARM.
886 3528 994 3593 111,
1026 3526 1117 3581 11.
1170 3526 1816 3597 (HERTZBERGIUS
1852 3530 2043 3598 11‚11.
2083 3530 2153 3585 L.
2193 3527 2672 3586 MUELLERUS

1448 3647 1561 3715 111,
1593 3649 1655 3702 Π
1700 3647 1907 3718 [ΧΙ.]).

679 3837 830 3902 Tria
872 3841 1118 3901 tantum
1163 3837 1443 3903 disticha
1490 3842 1656 3918 sunt,
1706 3837 1768 3902 in
1817 3837 2045 3919 quibus
2089 3837 2462 3902 irascentem
2506 3838 2743 3903 inveni-

525 3963 663 4009 mus
729 3950 1002 4026 poetam,
1046 3963 1168 4009 non
1195 3946 1457 4026 aemulo,
1501 3949 1572 4009 ut
1601 3962 1791 4009 carm.
1822 3945 1899 4025 II,
1945 3948 1983 4007 8
2008 3950 2072 4008 et
2098 3947 2156 4023 9,
2199 3945 2308 4009 sed
2337 3945 2455 4025 ipsi
2480 3946 2744 4026 puellae.

538 4055 796 4121 Versus
839 4054 1005 4135 pleni
1053 4061 1202 4119 sunt
1248 4055 1373 4120 odii
1419 4051 1650 4134 acerbi,
1714 4053 1793 4119 de
1840 4052 2066 4134 quibus
2111 4073 2234 4120 non
2279 4056 2485 4121 minus
2529 4056 2746 4121 varian

512 4164 907 4243 tsententiae,
951 4181 1136 4243 quam
1184 4164 1263 4228 de
1308 4164 1584 4228 carmine
1625 4164 1809 4228 modo
1854 4168 2160 4229 tractato:
