3082 4688
1447 299 1863 361 -23-

577 479 778 545 venda
845 500 981 547 esse
1045 488 1394 561 censuerat,
1451 479 1632 545 dicit:
1696 480 1847 566 haec
1911 487 2051 546 octo
2116 478 2383 545 disticha
2437 477 2578 542 hinc
2623 477 2766 542 sub-

565 589 758 654 movit
827 590 922 656 Sc.
996 592 1152 656 bene
1223 592 1462 656 tuitura
1524 592 1728 656 locum
1800 609 1999 670 suum,
2105 589 2158 654 si
2217 609 2338 654 non
2417 589 2493 653 de
2565 588 2770 653 rivali-

565 704 699 765 tate
766 700 1063 780 virorum,
1146 701 1255 767 sed
1335 702 1412 767 de
1495 702 1824 766 mulierum
1895 700 2150 766 libidine
2227 701 2515 781 accipiaS‚
2585 718 2768 781 quam

565 807 810 875 efficere
903 811 1084 890 dicit,
1205 818 1275 875 ut
1372 809 1518 889 jure
1590 812 1938 893 meritoque
2047 811 2271 892 aliquis
2341 812 2616 875 timeat.“
2699 847 2755 855 —-

566 916 687 982 Sed
747 937 861 983 nec
930 920 1007 984 de
1072 919 1396 983 rivalitate
1465 921 1759 998 virorum,
1828 937 1943 985 nec
2001 919 2077 982 de
2144 918 2396 983 libidine
2440 919 2769 983 mulierum

566 1027 815 1108 agitur:
901 1029 1152 1109 „vitia“‚
1220 1030 1444 1112 quibus
1509 1031 1588 1095 ad
1665 1030 1905 1112 proelia
1956 1034 2209 1093 ventum
2278 1038 2390 1106 est,
2487 1047 2771 1112 quaeque

564 1138 626 1201 in
675 1138 1078 1219 sequentibus
1124 1140 1408 1205 versibus
1470 1137 1777 1220 (16-22)
1843 1138 2298 1218 describuntur,
2380 1139 2530 1204 nihil
2601 1140 2768 1205 aliud

465 1240 470 1245 ’
564 1254 729 1325 sunt,
799 1249 916 1313 nisi
998 1248 1245 1314 fallacia
1315 1255 1379 1313 et
1463 1250 1777 1330 rapacitas
1873 1249 2166 1314 virorum.
2229 1282 2305 1294 —
2394 1248 2535 1313 Jam
2618 1268 2769 1316 vero

568 1373 724 1435 pons
792 1356 977 1420 etiam
1047 1336 1348 1419 rescissus
1415 1363 1527 1434 est,
1608 1375 1732 1436 quo
1800 1356 2253 1437 Hertzbergius
2315 1357 2393 1422 ad
2439 1365 2771 1439 sequentes

566 1482 784 1528 versus
845 1464 1173 1544 pervenire
1230 1465 1488 1529 studuit.
1580 1466 1672 1529 An
1717 1471 1788 1529 tu
1833 1466 2158 1531 assentiris
2220 1467 2355 1532 viro
2392 1466 2638 1546 dicenti,
2707 1488 2767 1532 v.

567 1579 666 1639 23.
732 1578 830 1638 24.
895 1572 1172 1638 breviter
1234 1574 1435 1639 turbis
1496 1575 1620 1640 illis
1677 1575 1971 1657 antiquae
2015 1575 2431 1657 simplicitatis
2476 1584 2763 1656 tempora

566 1680 781 1763 quieta
824 1694 882 1747 et
927 1682 1263 1762 specimina
1307 1683 1619 1750 castitatis
1665 1685 1943 1766 opponi?
2012 1685 2145 1750 Sed
2193 1684 2458 1765 cuinam,
2515 1703 2767 1767 quaem,

565 1788 833 1855 feminae
880 1791 1143 1856 Alcestis
1187 1791 1657 1874 Penelopesque
1701 1793 1932 1859 similes
1977 1793 2424 1875 opponuntur?
2482 1791 2768 1857 videlicet

565 1897 717 1963 viris
779 1899 1119 1965 audacibus
1176 1900 2259 1986 (Paridi—-Eurytioni—Romulo)⁴?
2320 1922 2458 1968 nam
2504 1901 2770 1968 feminae

568 2006 629 2070 in
678 2006 776 2070 his
819 2007 971 2087 ipsis
1016 2010 1313 2089 exemplis
1373 2016 1587 2074 castae
1651 2018 1798 2076 sunt
1842 2018 1905 2075 et
1959 2011 2223 2076 decorae
2266 2009 2771 2093 (Helena—Dei-

574 2115 798 2193 damia,
866 2115 1131 2197 denique
1183 2116 1485 2193 „intacme
1530 2114 1886 2196 Sabinaffl).
1930 2117 2149 2198 Neque
2176 2136 2474 2182 excusare
2516 2123 2765 2197 poetam

573 2243 822 2290 necesse
866 2231 979 2305 est,
1021 2225 1187 2307 quod
1224 2225 1284 2289 in
1332 2226 1736 2307 sequentibus
1778 2245 1874 2290 vv.
1919 2227 2081 2292 idem
2128 2225 2408 2308 proferat
2439 2246 2768 2308 argumen-

573 2338 727 2398 tum.
815 2332 1010 2398 Immo
1069 2333 1253 2414 longe
1297 2333 1465 2399 aliud
1510 2335 1829 2415 sequitur:
1875 2336 2133 2417 querela
2175 2336 2254 2401 de
2287 2334 2660 2403 feminarum
2707 2346 2771 2405 et

573 2443 922 2524 puellarum
966 2443 1245 2509 moribus
1291 2443 1651 2525 depravatis
1688 2452 1752 2510 et
1783 2446 2113 2528 corruptis
2143 2483 2222 2492 —
2268 2447 2441 2524 Quae
2470 2468 2569 2515 res
2590 2451 2775 2532 plane

569 2551 854 2617 diversae
897 2558 967 2616 ut
1005 2558 1151 2633 apte
1197 2554 1678 2635 conjungantur,
1724 2573 1944 2618 versus
1988 2555 2288 2634 quosdam
2328 2555 2775 2638 desideramuS‚

573 2660 800 2743 quibus
846 2661 923 2726 ad
961 2659 1332 2726 feminarum
1379 2663 1754 2743 pravitatem
1803 2664 2105 2728 transitus
2149 2661 2276 2728 fiat.
2316 2666 2520 2744 Atque
2565 2683 2774 2730 neces-

570 2769 722 2834 sarii
767 2768 856 2832 illi
899 2775 964 2833 et
1008 2768 1344 2834 desiderati
1393 2789 1487 2834 vv.
1532 2771 1584 2833 si
1631 2770 1690 2834 in
1739 2771 1873 2851 ipso
1918 2776 2132 2836 nostro
2157 2772 2429 2836 carmine
2459 2771 2772 2835 inveniun-

571 2884 695 2955 tur,
744 2876 890 2957 quid
938 2875 1296 2940 dubitamus
1339 2895 1444 2941 eos
1470 2877 1860 2958 adjungere?
1907 2878 2263 2960 VideamuS,
2308 2897 2429 2960 quo
2458 2878 2639 2943 modo
2671 2897 2772 2942 res

572 3003 639 3050 se
710 2983 961 3062 habeat,
1021 2984 1072 3048 si
1136 3004 1191 3049 v.
1258 2989 1336 3048 37
1383 3002 1515 3065 sqq.
1578 2985 2008 3067 conjungimus
2045 3005 2182 3051 cum
2228 3006 2282 3051 v.
2324 2993 2432 3066 243
2510 2985 2771 3050 forsitan

569 3089 969 3173 proficiamus
1015 3091 1381 3172 aliquid.—
1426 3092 1599 3156 Haec
1643 3094 1934 3157 carminis
1977 3112 2126 3175 pars
2171 3096 2250 3174 (v.
2288 3099 2364 3159 37
2410 3092 2569 3175 sqq.)
2605 3100 2775 3158 certe

574 3218 687 3265 suo
731 3200 867 3264 loco
913 3198 1169 3263 retineri
1231 3217 1352 3263 non
1413 3206 1640 3280 potest,
1702 3219 2075 3282 quamquam
2120 3202 2277 3266 miro
2325 3202 2510 3269 modo
2554 3201 2777 3266 Hertz-

568 3308 821 3389 bergius
902 3324 1039 3372 eam
1128 3325 1264 3371 cum
1335 3307 1623 3373 versibus
1698 3309 2206 3375 antecedentibus
2303 3308 2773 3390 conglutinavit.

570 3416 876 3496 Equidem
941 3435 1018 3480 ne
1081 3415 1426 3497 particulae
1497 3416 1766 3497 „igitur“
1845 3416 2093 3498 quidem
2156 3416 2278 3481 vim
2337 3416 2399 3479 in
2460 3434 2514 3479 v.
2559 3420 2637 3478 37
2683 3414 2774 3477 in—

571 3524 817 3604 telleg0,
888 3524 940 3587 si
986 3541 1107 3587 non
1152 3523 1217 3588 in
1260 3524 1382 3588 alio
1439 3524 1575 3589 loco
1619 3524 1978 3591 collocatur.
2067 3524 2305 3588 Deinde
2368 3540 2516 3588 vero
2577 3529 2775 3587 totam

571 3640 816 3716 partem
862 3652 982 3699 non
1030 3641 1199 3699 recte
1244 3635 1533 3715 cognovit
1578 3635 2031 3716 Hertzbergius
2075 3641 2140 3700 et
2178 3634 2445 3699 alienum
2481 3622 2777 3714 a'poetae

570 3742 827 3808 consilio
851 3742 1110 3807 carmini
1155 3743 1387 3806 exitum
1431 3741 1677 3821 statuit,
1718 3741 1780 3805 id
1804 3742 1967 3824 quod
2016 3741 2281 3805 maxime
2326 3758 2400 3804 ex
2424 3758 2499 3804 ea
2528 3740 2769 3805 ratione

575 3856 768 3931 patet,
852 3868 976 3930 qua
1020 3867 1075 3913 v.
1114 3853 1212 3914 41.
1261 3855 1360 3914 42.
1405 3849 1665 3930 accepit.
1710 3850 1783 3913 In
1829 3867 1952 3930 qua
1989 3868 2057 3913 re
2092 3848 2298 3912 nescio
2343 3867 2420 3913 an
2468 3848 2775 3913 neminem

571 3955 1057 4021 consentientem
1103 3955 1351 4021 habeat.
1397 3957 1563 4022 Dicit
1608 3956 1789 4035 enim,
1835 3962 2175 4038 „perpetuo
2212 3975 2425 4022 amore
2465 3956 2774 4039 promisso

569 4071 816 4147 poetam
875 4064 1058 4129 fidem
1117 4062 1407 4130 firmare“
1462 4102 1533 4111 -
1582 4064 2060 4147 Conjungendas
2119 4084 2266 4130 vero
2327 4083 2463 4130 esse
2507 4066 2773 4146 primam

571 4185 635 4244 et
681 4178 965 4244 ultimam
1006 4182 1276 4258 partem,
1342 4194 1416 4243 ex
1462 4177 1737 4244 externis
1780 4194 2030 4260 quoque
2076 4176 2353 4261 vestigiis
2399 4193 2775 4259 cognoscere
