3082 4688
1236 308 1730 374 .—3—

424 489 543 557 den
570 490 1022 572 Vorschlagen,
1068 491 1293 556 welche
1340 492 1608 558 Haase
1651 492 1956 573 aufstellt,
2001 491 2319 560 erscheint
2361 491 2465 558 die
2491 490 2648 558 Ver-

422 604 686 679 setzung
729 617 853 664 von
901 605 976 664 13
1021 619 1113 681 sq.
1156 605 1435 666 25—34
1480 601 2067 669 wiinschenswerth.
2157 603 2290 669 Der
2337 603 2477 667 Bau
2505 603 2647 689 fler

423 710 688 776 meisten
732 709 991 792 Elegien
1037 711 1119 775 ist
1162 718 1339 777 sonst
1381 730 1452 778 so
1494 713 2172 795 zusammenhangend‚
2222 712 2343 779 der
2388 719 2649 779 wesent-

421 821 584 886 licbe
655 821 933 886 Bestand
1009 821 1124 887 der
1194 821 1540 888 Gedanken
1620 843 1691 889 so
1767 824 2199 907 geschlossen,
2278 825 2427 890 dass
2510 824 2650 889 eine

423 937 715 1011 grossere
759 932 965 996 Masse
1007 932 1196 997 kaum
1243 933 1375 999 sich
1417 932 1870 1000 berausziehen
1925 935 2081 1000 oder
2133 933 2332 1000 durch
2376 935 2650 1001 Umstel-

428 1040 580 1120 lung
640 1038 929 1121 einfiigen
990 1041 1164 1105 lasst.
1216 1078 1291 1088 —
1339 1043 1624 1124 Denique
1669 1062 1724 1108 ο.
1770 1043 2283 1111 Ribbeckius
2333 1046 2460 1110 ind.
2507 1046 2650 1111 lect.

425 1149 554 1215 Kil.
616 1150 833 1215 aestiv.
926 1155 1087 1216 1867
1148 1170 1399 1218 carmen
1459 1155 1799 1221 restituere
1857 1161 2120 1222 conatus
2174 1163 2304 1236 est,
2370 1157 2477 1238 qui
2523 1175 2645 1222 non

427 1263 760 1324 contentus
820 1278 1116 1325 versuum
1181 1264 1671 1346 transpositione
1730 1265 1973 1348 majora
2032 1266 2223 1332 etiam
2283 1284 2475 1331 ausus
2531 1271 2645 1331 est.

419 1368 702 1433 Primum
750 1368 913 1435 banc
956 1369 1219 1436 formam
1268 1373 1529 1439 carmini
1577 1373 1786 1440 dedit:
1845 1377 2040 1455 1—63
2088 1380 2143 1442 9.
2195 1379 2303 1452 103
2366 1379 2649 1454 25—283
2726 1455 2732 1459 .

421 1483 479 1542 7.
518 1483 591 1557 83
639 1483 910 1544 29—34.
961 1486 1056 1545 11.
1103 1485 1210 1559 12;
1259 1487 1358 1547 35.
1399 1487 1511 1562 36;
1566 1488 1843 1573 13—243
1891 1490 1972 1550 37
2011 1502 2146 1567 sqq.
2216 1484 2461 1549 Deinde
2496 1503 2646 1549 vero

424 1587 586 1653 hanc
642 1585 910 1653 formam
967 1588 1202 1670 optime
1261 1591 1579 1672 quadrare
1642 1593 1761 1658 sibi
1820 1594 2141 1677 persuasit
2199 1595 2261 1659 in
2325 1594 2651 1660 Ritschelii

421 1696 830 1776 sententiam,
890 1698 996 1779 qui
1055 1698 1117 1763 in
1182 1704 1304 1764 act.
1363 1718 1487 1765 soc.
1550 1699 1884 1784 litt.LipS.
1950 1705 2109 1768 1866
2166 1701 2649 1781 domonstravit,

420 1805 654 1871 Tibulli
723 1806 997 1873 codicem
1051 1808 1461 1892 archetypum
1521 1808 1675 1876 folia
1722 1811 2137 1892 continuisse,
2189 1830 2457 1894 quorum
2515 1812 2650 1877 seni

424 1912 489 1977 in
550 1932 799 1994 quaque
855 1915 1089 1997 pagina
1151 1935 1370 1981 versus
1431 1917 1651 1999 scripti
1707 1916 2005 1998 fuissent;
2072 1915 2366 1984 foliorum
2439 1924 2652 1984 autem

424 2020 606 2100 paria
671 2021 979 2103 quaedam
1044 2025 1527 2104 quaternionum
1592 2043 1894 2108 compage
1960 2027 2169 2093 soluta
2235 2035 2425 2109 atque
2493 2027 2649 2093 adeo

421 2129 744 2214 discerpta
812 2131 1028 2197 fuisse.
1137 2133 1376 2199 Statuit
1446 2135 1645 2216 igitur
1721 2135 1889 2202 hunc
1958 2135 2251 2203 foliorum
2331 2137 2646 2203 ordinem:

422 2240 527 2307 fol.
574 2242 679 2308 Ia:
726 2243 949 2308 titulus
994 2242 1138 2308 libri
1184 2244 1573 2323 continetur3
1638 2244 1742 2311 fol.
1787 2244 1892 2312 Ib:
1939 2250 2160 2325 1—63
2227 2244 2331 2311 fol.
2377 2246 2513 2311 Ila:
2564 2249 2644 2309 25

426 2355 629 2430 -28;
679 2357 758 2417 29
803 2370 972 2433 sqq.;
1016 2349 1120 2417 fol.
1166 2352 1302 2417 11b:
1351 2358 1636 2432 31—343
1681 2359 1760 2420 35
1797 2373 1961 2436 sqq.:
2007 2354 2111 2419 fol.
2147 2354 2312 2419 HIa:
2364 2357 2647 2430 13-183

429 2460 537 2528 fol.
582 2461 754 2527 IIIb:
806 2467 1080 2541 19—-243
1126 2462 1230 2528 fol.
1275 2463 1438 2529 IVa:
1483 2483 1538 2527 v.
1587 2469 1665 2528 37
1702 2482 1838 2545 sqq.
1884 2499 1963 2508 —-
2002 2463 2165 2542 Quin
2212 2464 2399 2527 etiam
2447 2468 2646 2527 totam

428 2572 657 2638 codicis
709 2573 1034 2654 archetypi
1071 2572 1488 2637 conditionem
1533 2591 1733 2655 usque
1769 2573 1850 2638 ad
1892 2573 2132 2656 elegiae
2159 2578 2427 2655 quartae
2457 2569 2644 2637 finem

427 2683 700 2749 dilucide
745 2683 926 2749 nobis
969 2682 1275 2749 ostendit!
1338 2717 1414 2729 —
1461 2684 1530 2749 L.
1579 2684 2045 2752 Muellerus
2092 2683 2187 2749 ed.
2236 2682 2419 2765 LipS,
2489 2688 2651 2748 1870

428 2790 733 2856 Haasium
795 2798 1048 2856 secutus
1118 2796 1231 2856 est.
1331 2792 1401 2855 In
1461 2790 1662 2873 praef.
1734 2791 1814 2856 ad
1874 2790 2010 2857 Tib.
2070 2808 2213 2871 pag.
2276 2790 2426 2854 XVI
2497 2790 2654 2855 satis

427 2898 704 2967 breviter
746 2899 900 2966 dicit
943 2901 1022 2966 ad
1068 2920 1123 2964 v.
1172 2906 1241 2964 6:
1306 2906 1488 2982 „post
1531 2899 1647 2965 hos
1691 2917 1911 2965 versus
1965 2898 2203 2963 inserui
2248 2917 2303 2961 V.
2350 2902 2650 2977 25-34,

426 3008 588 3073 sicut
643 3008 836 3089 Jussit
883 3008 1216 3073 Haasius“.
1304 3008 1424 3087 Qui
1483 3009 1535 3074 si
1594 3008 1880 3090 cognitos
1946 3006 2271 3072 habuisset
2316 3006 2643 3071 Ribbeckii

431 3123 710 3196 conatuS,
754 3118 961 3182 nescio
998 3136 1078 3181 an
1117 3117 1230 3182 hos
1274 3116 1778 3199 comprobasset!
1824 3154 1895 3164 -—·
1925 3116 2330 3182 Wisserus
2368 3116 2655 3195 Quaestt.

430 3224 563 3290 Tib.
605 3226 779 3307 LipS.
832 3230 991 3291 1869
1033 3244 1176 3307 pag.
1231 3232 1253 3289 l
1308 3224 1471 3290 hanc
1512 3223 1775 3306 profect.
1819 3224 2230 3291 sententiam:
2284 3224 2478 3304 „Mihi
2524 3224 2660 3305 qui-

431 3334 571 3400 dem
636 3333 879 3415 elegiae
944 3334 1234 3399 undecim
1297 3368 1374 3380 —-
1432 3337 1582 3398 sunt
1651 3339 1862 3399 autem
1908 3333 1965 3410 Ι,
2027 3337 2085 3397 3.
2130 3338 2185 3397 5.
2236 3339 2291 3397 7.
2336 3337 2393 3396 8.
2438 3335 2497 3396 9.
2547 3336 2658 3410 10;

431 3445 511 3525 ΙΙ,
561 3450 611 3509 1.
661 3450 721 3509 2.
764 3450 822 3509 4.
871 3450 928 3509 5.
975 3449 1014 3509 6
1060 3483 1143 3492 -
1189 3445 1242 3509 si
1287 3445 1494 3509 minus
1537 3445 1861 3526 integrae,
1904 3449 1974 3509 at
2018 3449 2226 3509 tamen
2274 3444 2364 3507 ita
2406 3461 2652 3524 compa-

372 3565 381 3574 ·
434 3558 613 3618 ratae
659 3572 797 3618 esse
832 3553 1144 3632 videntur,
1191 3535 1263 3617 ut
1301 3570 1504 3633 neque
1548 3552 1722 3634 ipsae
1766 3552 1830 3616 in
1871 3551 2262 3617 diversorum
2310 3550 2656 3615 carminum

434 3657 795 3741 fragmenta
856 3660 1115 3725 dissolvi
1171 3678 1374 3741 neque
1438 3660 1772 3742 transponi
1826 3660 2070 3741 possint
2110 3659 2275 3723 inter
2330 3678 2397 3723 se
2440 3677 2660 3724 carum

432 3775 667 3851 partes.
757 3772 852 3837 De
901 3771 1160 3853 reliquis
1204 3790 1354 3836 vero
1400 3772 1621 3853 elegiis
1664 3770 1868 3836 hisce:
1923 3771 1985 3850 Ι,
2038 3776 2095 3836 1.
2142 3776 2199 3834 2.
2247 3777 2303 3833 4.
2353 3774 2421 3847 6;
2483 3770 2566 3846 11,
2621 3773 2657 3833 3

433 3881 582 3962 quid
626 3883 1034 3947 statuendum
1074 3883 1176 3961 sit,
1221 3882 1389 3947 haud
1425 3883 1518 3947 ita
1554 3880 1740 3947 facile
1776 3882 2013 3963 poterit
2050 3879 2433 3961 dijudicare3
2479 3879 2659 3943 multi

435 3989 601 4053 enim
643 4008 861 4055 earum
922 3990 1038 4054 loci
1084 3991 1243 4055 adeo
1286 3998 1435 4056 sunt
1479 3990 1785 4072 ancipites
1839 3996 1904 4054 et
1952 3988 2251 4070 ambigui,
2298 3990 2375 4053 de
2431 3972 2666 4069 quibus

434 4099 660 4165 eodem
704 4098 1020 4202 fere-jure
1064 4101 1125 4164 in
1170 4101 1452 4167 diversas
1497 4107 1713 4183 partes
1758 4100 2082 4181 disputari
2125 4101 2341 4181 possit.
2392 4133 2466 4146 -

2147 4316 2326 4374 ,1.
