3082 4688
1230 269 1655 336 ...31-

325 455 510 524 Nunc
574 457 627 521 si
705 454 982 520 breviter
1061 452 1254 518 totius
1332 454 1627 520 carminis
1710 454 2178 537 dispositionem
2251 460 2533 521 statuere

326 583 649 644 conamur,
688 563 859 646 ⁸haec
903 561 1035 627 fere
1079 568 1204 625 est:

504 672 679 740 Pars
723 671 773 738 I
804 671 1091 765 (1—24.)
1145 673 1447 756 Suspicax
1504 691 1642 738 sum
1682 672 1968 756 Cynthia,
2027 681 2091 738 et
2134 673 2533 740 vehementer

327 786 525 849 timeo
568 784 734 848 viros
779 783 1032 862 alienos
1103 801 1245 847 nam
1287 800 1476 863 saepe
1533 782 1694 847 clam
1737 799 1805 845 se
1849 781 2234 847 insinuantes
2273 780 2536 847 feminas

328 899 680 975 rapuerunt
727 900 792 957 et
834 909 996 956 nunc
1040 891 1273 956 Romae
1319 890 1565 955 Romuli
1609 889 1888 970 exemplo
1934 889 2012 954 ad
2056 907 2193 954 eam
2237 906 2536 969 pervene-

343 1011 498 1068 runt
541 1001 887 1079 audaciam,
933 1007 1005 1066 ut
1040 1002 1171 1081 jam
1218 1001 1532 1066 custodire
1577 998 1840 1066 feminas
1885 997 2035 1064 nihil
2068 998 2288 1080 prosit.

506 1107 680 1173 Pars
726 1105 817 1172 II
846 1109 984 1187 Quo
1029 1107 1212 1173 modo
1257 1108 1449 1189 igitur
1494 1114 1575 1188 te,
1634 1107 1917 1190 Cynthia,
1979 1113 2161 1173 tuear
2204 1106 2282 1171 ab
2327 1104 2533 1168 illis‘?:

338 1220 582 1285 Pudere
626 1225 689 1285 te
732 1218 956 1300 flagitii
999 1236 1248 1283 necesse
1313 1225 1427 1298 est,
1497 1224 1630 1283 tum
1673 1219 1829 1282 satis
1872 1224 2014 1283 tuta
2056 1217 2199 1282 eriS.
2287 1216 2421 1282 Hac
2459 1216 2538 1279 de

338 1347 523 1394 causa
566 1328 757 1394 etiam
783 1328 1084 1409 maiores
1128 1325 1326 1393 nostri
1371 1324 1718 1391 Pudicitiae
1762 1325 1997 1405 templa
2024 1324 2250 1405 puellis
2297 1329 2535 1390 statue-

339 1446 486 1505 runt
529 1436 844 1522 (37-42;
894 1442 993 1504 25.
1041 1439 1163 1516 26.)

509 1544 683 1610 Pars
731 1542 866 1610 III.
913 1546 1035 1611 Sed
1076 1547 1256 1611 nimis
1301 1565 1530 1627 magna
1575 1554 1702 1611 ate
1728 1564 1948 1628 posco:
1987 1545 2129 1611 Jam
2158 1543 2534 1623 nequiquam

336 1659 502 1740 apud
550 1656 812 1722 feminas
854 1657 1220 1738 pudicitiam
1265 1658 1568 1737 requiras.
1614 1657 1740 1737 (35.
1786 1660 1900 1735 36;
1934 1653 2242 1736 27-3-1.)

511 1767 650 1830 Hoc
692 1766 873 1832 modo
917 1768 971 1832 si
1018 1785 1266 1832 carmen
1301 1766 1660 1847 accipimus,
1701 1766 1933 1846 optime
1969 1764 2321 1830 continuari
2366 1764 2534 1829 vide-

350 1894 489 1940 mus
534 1875 973 1940 sententiarum
1017 1894 1240 1940 nexum
1290 1882 1370 1955 et,
1410 1875 1577 1956 quod
1615 1876 1949 1939 maximum
1994 1879 2106 1952 est,
2161 1874 2222 1938 in
2260 1891 2537 1956 unaqua-

344 1999 469 2062 que
509 1986 697 2063 parte
741 1999 956 2047 novum
1003 2001 1249 2063 semper
1294 1989 1732 2063 argumentum
1777 1981 2065 2064 proferri.
2111 1983 2245 2049 Hoc
2291 2000 2539 2065 quoque

333 2088 521 2154 facile
558 2089 996 2171 intellegimuS,
1039 2090 1119 2155 ad
1163 2096 1348 2171 longe
1394 2091 1587 2155 alium
1632 2097 1697 2155 et
1723 2091 1930 2156 nescio
1971 2110 2049 2155 an
2075 2097 2316 2157 rectum
2346 2092 2540 2157 totius

336 2196 632 2273 carminis
673 2197 906 2261 exitum
950 2197 1110 2263 hanc
1152 2199 1540 2279 singularum
1585 2200 1860 2281 partium
1905 2200 2401 2281 conjunctionem
2427 2217 2539 2263 nos

341 2306 620 2373 duxisse:
668 2307 806 2373 Non
853 2308 1017 2374 enim
1061 2307 1141 2374 ad
1184 2309 1484 2390 majorem
1529 2328 1703 2391 spem
1743 2317 1806 2375 et
1849 2308 2285 2374 confidentiam
2330 2309 2393 2373 in
2417 2307 2539 2373 fine

349 2415 638 2481 carminis
679 2423 933 2498 poetam
980 2417 1328 2482 venientem
1373 2416 1670 2493 videmus,
1717 2416 1824 2480 sed
1855 2416 2040 2497 plane
2064 2414 2374 2495 desperat,
2404 2431 2541 2479 cum

348 2525 551 2590 omnia
615 2532 919 2608 corrupta
978 2545 1113 2591 esse
1173 2533 1237 2591 et
1295 2526 1641 2608 depravata
1685 2531 2039 2606 cognoscat.
2084 2559 2162 2572 -
2249 2525 2445 2605 Nunc,
2489 2526 2543 2591 si

351 2653 469 2715 quo
511 2635 694 2700 modo
754 2644 976 2701 exorta
1040 2638 1123 2701 sit
1181 2636 1325 2701 talis
1368 2636 1428 2699 in
1488 2634 1665 2700 libris
1708 2633 2122 2716 perturbatio,
2166 2636 2434 2717 quaeris,
2480 2637 2542 2701 in

348 2747 559 2807 nostro
604 2743 879 2808 carmine
940 2762 1062 2809 non
1108 2742 1358 2809 difficile
1420 2750 1516 2809 est
1560 2744 1749 2808 dictu.
1830 2743 2149 2809 Habemus
2192 2744 2356 2809 enim
2399 2744 2543 2810 inde

341 2868 396 2914 a.
441 2867 498 2913 v.
545 2855 625 2914 25
669 2867 868 2931 usque
905 2851 982 2915 ad
1028 2849 1213 2916 finem
1257 2851 1550 2917 carminis
1605 2852 1817 2918 XVIII
1862 2869 2099 2930 versuS‚
2165 2850 2229 2914 id
2274 2857 2370 2917 est
2413 2857 2543 2916 tres

344 2961 573 3027 codicis
619 2961 941 3044 archetypi
986 2963 1266 3044 paginas,
1323 2980 1591 3044 quarum
1634 2979 1919 3044 quaeque
1963 2979 2145 3026 senos
2186 2960 2544 3027 continebat

351 3090 582 3137 versus
663 3072 1156 3150 Quaternionum
1203 3090 1502 3154 compage
1553 3072 1758 3136 soluta
1799 3072 2003 3152 prima
2047 3072 2237 3135 trium
2283 3072 2543 3153 pagina·

347 3201 482 3246 rum
531 3184 921 3264 transposita
963 3188 1061 3248 est
1096 3189 1240 3264 post
1282 3183 1437 3248 alias
1479 3182 1654 3246 duas.
1710 3180 1960 3264 Deinde
2004 3199 2152 3246 vero
2196 3200 2249 3245 v.
2298 3187 2394 3247 35.
2443 3187 2543 3247 36.

345 3307 503 3370 quos
548 3290 610 3354 in
656 3289 931 3355 secunda
975 3297 1222 3355 exstare
1265 3308 1411 3371 pag.
1459 3307 1712 3355 necesse
1762 3295 1918 3371 erat,
1980 3290 2185 3355 nescio
2230 3308 2354 3372 quo
2394 3309 2541 3356 casu

346 3398 406 3461 in
454 3395 639 3462 finem
686 3397 913 3464 tertiae
954 3398 1221 3479 paginae
1266 3398 1455 3463 delati
1498 3404 1663 3464 sunt.

739 3506 1155 3571 continebant
1211 3507 1405 3588 igitur
1477 3506 1706 3573 codicis
1767 3506 2124 3590 archetypi:

847 3634 993 3697 pag.
1047 3621 1070 3679 l
1124 3634 1180 3679 V.
1228 3619 1492 3680 37-42,

843 3745 986 3809 pag.
1034 3731 1069 3790 2
1116 3745 1171 3791 V.
1222 3731 1321 3791 25.
1366 3726 1479 3807 263
1527 3732 1626 3793 35.
1672 3728 1781 3807 36;
1825 3730 1924 3791 27.
1965 3730 2063 3792 28.

851 3853 992 3917 pag.
1040 3838 1078 3899 3
1124 3853 1180 3899 v.
1226 3839 1491 3902 29—34.

513 3944 690 4011 Hanc
733 3944 929 4026 igitur
972 3944 1164 4010 habes
1209 3945 1446 4027 elegiae
1491 3944 1758 4027 speciem
1803 3944 1944 4009 inde
1989 3963 2028 4010 a
2072 3963 2256 4010 versu
2309 3949 2417 4011 19:

351 4061 426 4119 19
471 4073 582 4121 cur
625 4056 908 4137 exempla
950 4064 1158 4138 petam
1206 4055 1515 4139 Grajum‘?
1560 4062 1629 4121 tu
1674 4054 1949 4120 criminis
1995 4061 2232 4133 auctor,
2290 4054 2449 4119 Pars
2496 4056 2543 4121 1.

360 4170 443 4232 20
485 4167 761 4234 nutritus
805 4167 1020 4248 durae,
1061 4167 1342 4242 Romule,
1382 4168 1546 4233 lacte
1587 4166 1789 4248 lupae,
