3082 4688
1124 1307 1831 1402 PRAEMONENDA.

543 1463 757 1560 Cum
819 1495 951 1575 ‚iam
1015 1514 1130 1576 per
1184 1494 1437 1577 longum
1483 1502 1731 1579 tempus
1791 1515 2017 1578 magno
2076 1513 2324 1577 semper
2380 1514 2593 1560 amore

373 1606 681 1686 elegiacos
724 1606 1150 1669 Romanorum
1197 1610 1416 1685 poetas
1460 1606 1749 1686 tractavi,
1793 1611 1926 1671 tum
1968 1624 2131 1670 nunc
2175 1624 2273 1669 me
2319 1623 2594 1671 summos

374 1712 434 1776 in
482 1711 878 1794 philosophia
940 1711 1210 1776 honores
1254 1711 1332 1777 ab
1379 1712 1762 1793 amplissimo
1818 1711 2328 1795 philosophorum
2376 1712 2595 1776 ordine

382 1822 871 1903 impetraturum
925 1820 1332 1902 gravissimae
1377 1840 1605 1887 causae
1650 1822 2065 1904 impulerunt,
2122 1830 2192 1887 ut
2238 1823 2314 1886 de
2371 1821 2597 1885 studiis

377 1930 532 1993 meis
591 1929 654 1992 in
697 1928 1007 1993 Tibullum
1062 1935 1127 1995 et
1188 1929 1589 2011 Propertium
1650 1930 1894 1994 collatis
1952 1928 2291 1994 delibarem
2358 1927 2593 2009 aliquid

377 2042 441 2100 et
502 2036 974 2117 perscriberem.
1029 2073 1095 2080 -
1146 2038 1395 2102 Etenim
1441 2038 1606 2120 quod
1645 2038 1778 2119 jam
1824 2037 2241 2120 Bubendeyus
2299 2038 2361 2101 in
2408 2036 2586 2101 initio

373 2141 632 2218 Quaest.
677 2141 809 2206 Tib.
854 2123 1051 2208 Bonn.
1104 2148 1264 2208 1864
1309 2144 1464 2209 dixit
1511 2144 1780 2224 „Tibulli
1824 2145 2101 2211 carmino
2147 2164 2283 2209 cum
2337 2144 2595 2225 reliquis

377 2251 622 2316 duobus
679 2253 915 2334 poetiS,
988 2253 1095 2334 qui
1158 2260 1371 2318 vetere
1431 2254 1882 2320 consuetudine
1941 2253 2073 2319 fere
2144 2271 2391 2334 semper
2452 2271 2594 2317 eum

374 2363 785 2445 comitantur,
836 2364 967 2446 jam
1025 2373 1122 2430 tot
1181 2366 1458 2430 virorum
1519 2384 1862 2447 eorumque
1922 2365 2425 2430 doctissimorum
2486 2382 2590 2427 ex-

375 2481 558 2554 perta
597 2480 744 2539 sunt
776 2493 1010 2554 curam,
1055 2483 1125 2540 ut
1155 2476 1300 2557 Jure
1337 2482 1702 2557 exspectare
1740 2475 2066 2557 possimus,
2111 2474 2266 2539 haec
2311 2472 2592 2539 carmina

374 2584 540 2648 inter
602 2604 677 2649 ea
735 2604 871 2651 esse
932 2586 1342 2665 numeranda,
1408 2604 1571 2667 quae
1628 2605 1815 2668 quam
1875 2592 2085 2667 potest
2144 2586 2449 2663 maxime,
2518 2601 2593 2648 ea

375 2692 577 2758 forma
622 2694 1036 2776 possidemuS,
1079 2713 1204 2775 qua
1239 2694 1406 2776 apud
1429 2700 1673 2759 veteres
1700 2695 1869 2776 ipsos
1903 2692 2315 2772 exstabant.“,
2361 2691 2480 2757 boc
2516 2710 2595 2755 ne

328 2791 334 2796 ⁴
378 2820 541 2867 nunc
588 2803 838 2883 quidem
883 2802 1251 2884 praedicare
1292 2802 1440 2867 licet
1484 2801 1562 2865 de
1590 2800 1818 2865 Tibulli
1854 2806 1918 2865 et
1942 2799 2263 2881 Propertii
2308 2798 2597 2863 carmini-

377 2911 513 2977 bus.
603 2912 799 2977 Immo
854 2913 1189 2977 novissimo
1236 2919 1519 2993 tempore
1611 2908 1844 2975 Tibulli
1886 2909 2176 2974 carmina
2237 2908 2327 2973 ita
2372 2915 2598 2973 vexata

380 3028 527 3086 sunt
571 3029 635 3086 et
672 3022 1019 3104 depravata
1061 3040 1249 3103 saepe
1292 3022 1569 3086 virorum
1611 3022 1939 3086 doctorum
1984 3016 2599 3101 transpositionibus,

387 3138 460 3195 ut
500 3150 712 3197 veram
759 3150 975 3196 eorum
1021 3130 1285 3196 formam
1328 3132 1430 3196 vix
1472 3132 1660 3196 liceat
1704 3119 2098 3212 cognoscere.
2176 3129 2365 3210 Atqui
2412 3145 2598 3208 quam

382 3247 599 3306 cautos
641 3243 703 3307 in
750 3242 1236 3324 transponendis
1285 3241 1567 3307 versibus
1615 3260 1725 3306 nos
1772 3259 1908 3306 esse
1952 3258 2204 3305 necesse
2243 3240 2324 3303 sit
2372 3244 2435 3303 et
2476 3256 2602 3319 qua

388 3370 515 3416 una
564 3353 664 3417 via
709 3371 781 3417 ac
821 3352 1064 3416 ratione
1109 3353 1185 3416 ad
1220 3353 1350 3417 veri
1395 3352 1814 3433 cognitionem
1844 3351 2058 3416 venire
2100 3350 2427 3432 possimuS,
2472 3365 2598 3411 uno

381 3459 876 3525 luculentissimo
939 3461 1221 3542 exemplo
1286 3461 1619 3541 doceatur3
1698 3461 1857 3542 elegi
1926 3460 2087 3526 enim
2161 3478 2411 3525 carmen
2473 3476 2603 3522 om·

382 3570 558 3635 nium
604 3572 1071 3636 vexatissimum
1120 3572 1166 3651 Ι,
1221 3579 1271 3636 1.
1317 3612 1398 3620 —
1431 3573 1639 3637 Minus
1682 3591 1832 3637 vero
1860 3569 2185 3655 Propertii
2229 3568 2457 3653 eleqias
2503 3575 2596 3634 ta-

386 3681 477 3750 les
520 3697 633 3744 nos
677 3677 928 3758 bebere,
971 3680 1188 3760 quales
1234 3688 1421 3761 poeta
1467 3680 1883 3762 descripserit,
1923 3682 2111 3746 immo
2157 3677 2420 3759 pulchra
2460 3695 2597 3742 car-

386 3786 554 3851 mina
600 3793 665 3851 et
707 3784 987 3867 perfecta
1032 3787 1236 3853 adbuc
1280 3788 1342 3851 in
1389 3788 1670 3854 codicum
1723 3789 2017 3871 squalore
2060 3788 2352 3864 sordere,
2415 3806 2448 3850 e
2494 3786 2604 3851 tri-

384 3894 535 3977 buS,
582 3913 745 3977 quae
807 3899 1043 3979 protuli
1087 3898 1416 3981 exempliS,
1476 3900 1745 3966 dilucide
1806 3905 1879 3964 ut
1922 3898 2071 3963 mihi
2115 3898 2396 3976 videtur,
2461 3915 2605 3977 cog-

390 4027 648 4075 noscere
695 4010 922 4076 licebit.
970 4012 1076 4093 (11,
1124 4017 1198 4091 63
1256 4050 1332 4056 —
1378 4014 1456 4092 ΙΙ,
1519 4019 1594 4092 8;
1655 4049 1733 4056 -
1779 4012 1893 4092 ΙΙΙ,
1936 4010 2066 4092 11.)
2152 4010 2284 4075 Nec
2328 4027 2447 4073 non
2507 4008 2607 4072 hic

384 4120 539 4184 satis
584 4122 795 4202 magni
851 4141 1099 4187 errores
1159 4124 1480 4189 resecandi
1543 4129 1745 4188 erant.
1795 4158 1869 4168 —
1919 4121 2174 4186 Initium
2223 4121 2417 4200 igitur
2460 4118 2607 4183 faci-

396 4248 576 4296 amus
619 4250 658 4296 a
700 4231 930 4298 Tibulli
972 4235 1248 4299 carmine
1287 4235 1334 4313 I,
1384 4240 1436 4299 1.
1484 4268 1561 4280 —

2194 4338 2222 4391 l
