3082 4688
1207 307 1623 370 ...33ss

292 482 472 547 Hanc
519 482 700 547 finire
741 483 1283 564 perturbationem
1328 487 1548 565 quanti
1596 487 1828 569 negotii
1903 487 2096 555 fuisse
2144 489 2518 557 existimas?

300 591 700 671 Exceperunt
744 590 1049 672 Scaligeri
1094 593 1373 657 studium
1411 593 1518 657 alii
1564 593 1701 673 viri,
1746 612 2019 675 quorum
2063 595 2340 661 omnium
2384 614 2522 661 sen-

296 700 528 764 tentias
570 698 688 764 hoc
734 700 869 766 loco
916 719 1412 767 commemorare
1459 703 1715 784 longum
1740 709 1837 769 est
1859 722 2061 785 neque
2091 705 2279 771 ullius
2313 706 2522 787 pretii,

298 822 439 870 cum
484 823 699 871 omnes
742 824 960 873 eorum
1006 814 1271 875 conatus
1315 810 1759 876 Lachmannus
1805 811 2107 893 obruerit,
2154 815 2388 896 quippe
2413 814 2522 897 qui

304 918 475 977 recte
519 918 879 980 aestumans
946 916 1143 982 libros
1203 919 1353 999 Mss,
1423 920 1525 985 via
1586 939 1658 986 ac
1701 921 1946 986 ratione
1991 926 2193 988 artem
2237 923 2519 989 criticam

300 1021 362 1087 in
411 1029 627 1088 nostra
675 1042 928 1105 quoque
982 1026 1186 1108 elegia
1230 1034 1568 1094 exerceret.
1652 1028 1747 1093 Ab
1785 1046 1859 1094 eo
1904 1029 2099 1109 igitur
2142 1029 2392 1094 initium
2436 1028 2523 1094 fa-

302 1134 554 1214 ciamus,
600 1141 672 1201 ut
714 1137 776 1202 in
821 1138 1059 1204 medias
1106 1138 1506 1206 difficillimas
1553 1141 1953 1222 quaestiones
1998 1158 2224 1221 resque
2271 1146 2515 1205 contro-

305 1264 516 1310 versas
557 1248 1019 1328 perveniamuS,
1081 1248 1159 1313 de
1201 1249 1427 1331 quibus
1472 1268 1552 1315 ne
1585 1249 1701 1316 hoc
1735 1250 1987 1332 quidem
2023 1256 2324 1331 tempore,
2371 1249 2523 1331 quid

304 1371 520 1418 verum
564 1354 664 1432 sit,
701 1360 968 1421 coustat.

465 1461 558 1526 Ne
614 1461 1054 1527 Lachmannus
1120 1463 1368 1543 quidem
1438 1463 1503 1527 in
1577 1463 1796 1529 eadem
1868 1472 2117 1543 semper
2175 1459 2524 1542 permansit

301 1568 628 1648 sententia,
700 1569 808 1634 sed
853 1588 1067 1634 veram
1112 1575 1367 1635 nostrae
1410 1569 1652 1650 elegiae
1715 1567 1981 1635 formam
2023 1567 2350 1647 indaganS,
2417 1565 2522 1631 de·

301 1677 490 1742 cessit
544 1677 622 1742 de
667 1679 864 1759 priori
937 1697 1053 1744 sua
1093 1680 1430 1758 sententia,
1504 1696 1646 1744 cum
1689 1678 1881 1744 aliam
1923 1675 2411 1758 probabiliorem
2455 1693 2523 1739 se

300 1785 610 1851 invenisse
652 1805 1026 1868 persuasum
1071 1787 1356 1853 haberet.
1403 1788 1475 1852 In
1521 1787 1728 1868 prima
1766 1786 1962 1867 igitur
2004 1784 2098 1849 ed.
2139 1783 2310 1864 Lips.
2360 1785 2522 1849 1816

302 1892 589 1956 lacunam
632 1895 858 1959 statuit
897 1900 1042 1976 post
1082 1913 1137 1959 v.
1191 1897 1284 1973 12,
1365 1911 1747 1975 quamquam
1805 1911 1884 1957 ne
1926 1909 2224 1957 versuum
2269 1889 2523 1972 quidem

308 2003 402 2062 ll.
480 2004 551 2063 12
617 2018 758 2065 cum
817 2000 1337 2066 antecedentibus
1381 2001 1880 2082 conjunctionem
1934 2000 2170 2064 claram
2252 2015 2389 2063 esse
2432 1998 2524 2062 in-

306 2104 661 2185 tellegebat.
740 2106 908 2171 Dicit
968 2107 1133 2170 enim
1197 2108 1278 2172 ad
1322 2126 1379 2173 V.
1429 2112 1535 2172 13:
1614 2108 1687 2171 In
1730 2107 1949 2188 primis
1998 2105 2183 2187 huius
2230 2105 2526 2171 carminis

303 2213 590 2278 versibus
629 2232 707 2278 ne
753 2214 903 2295 quid
946 2216 1249 2280 excidisse
1289 2216 1703 2297 suspicemur,
1728 2213 2018 2296 fortasse
2039 2202 2525 2296 interpretando

299 2338 523 2387 cavere
565 2322 930 2403 poterimus,
979 2314 1072 2389 Ibi
1119 2325 1387 2390 amicum
1432 2325 1816 2406 alloquitur:
1869 2323 2353 2406 „ReprehendiS‚
2402 2341 2522 2398 me,

298 2428 519 2508 inquit,
563 2429 729 2509 quod
774 2430 1106 2513 cynthiam
1151 2430 1230 2496 ab
1278 2432 1402 2496 alio
1451 2432 1601 2497 mihi
1647 2439 1932 2514 ereptam
1980 2432 2180 2497 doleo.
2223 2432 2306 2497 At
2350 2431 2522 2512 nihil,

301 2553 489 2616 quam
546 2537 606 2600 in
673 2556 885 2603 amore
944 2537 1207 2618 turbari,
1277 2538 1586 2604 acerbius.
1662 2541 1763 2618 At,
1804 2539 1997 2618 uicis,
2047 2539 2220 2604 nulla
2268 2537 2521 2619 quidem

300 2643 543 2708 stabilis
601 2642 857 2709 fortuna
915 2651 1041 2725 est3
1111 2647 1257 2727 jure
1321 2645 1518 2725 igitur
1577 2663 1824 2710 amores
1870 2661 2125 2725 quoque
2165 2649 2521 2711 vertuntur.

302 2753 588 2834 Accipio:
633 2754 743 2818 sed
788 2772 963 2819 meus
1008 2773 1130 2820 non
1178 2755 1467 2837 vertitur,
1514 2773 1659 2819 nam
1703 2754 1813 2819 illa
1856 2772 1956 2818 me
1993 2771 2313 2834 nunquam
2353 2771 2525 2818 ama-

302 2860 449 2924 vit.“
530 2862 630 2926 Ita
687 2862 794 2926 illa
853 2862 1264 2943 interpretari
1317 2880 1669 2944 possumus,
1736 2879 1861 2925 non
1920 2863 2112 2923 nimis
2172 2862 2411 2941 tamen,
2456 2862 2528 2923 ut

305 2968 464 3031 mihi
503 2951 777 3053 videtur,
811 2971 1242 3054 probabiliter.
1319 2973 1404 3037 At
1448 2972 1557 3054 qui
1600 2977 1951 3053 sequuntur
2012 2978 2287 3052 quatuor
2332 2972 2526 3037 versi-

311 3079 435 3143 culi
480 3078 798 3163 (13—16)
842 3080 993 3161 quid
1030 3080 1152 3145 huc
1190 3079 1442 3160 faciant,
1519 3098 1643 3144 non
1687 3079 1985 3158 intellego
2032 3113 2110 3122 —
2148 3078 2315 3159 quid,
2359 3077 2527 3158 quod

303 3208 520 3254 eorum
565 3191 877 3256 sententia
918 3209 1178 3272 prorsus
1223 3190 1493 3255 obscura
1535 3196 1634 3254 est
1669 3206 1741 3253 ac
1770 3186 2040 3252 difficilis
2058 3188 2126 3250 ?“
2184 3223 2238 3232 —-
2284 3187 2528 3252 Deinde

308 3316 603 3363 versuum
670 3303 913 3364 13-16
972 3298 1132 3364 hanc
1190 3298 1362 3363 dedit
1419 3295 1913 3378 explicationem,
1998 3294 2132 3359 Nic.
2176 3294 2420 3359 Heinsii
2464 3298 2530 3358 et

315 3405 385 3468 P.
431 3406 682 3471 Francii
727 3405 992 3470 laudans
1037 3405 1461 3487 conjecturam
1506 3408 1697 3483 atque
1739 3403 1828 3467 sic
1871 3400 2187 3466 scribens:

253 3502 261 3509 ’
510 3511 684 3599 Erqo
728 3511 937 3599 egem)
984 3519 1112 3579 tam
1158 3513 1390 3577 multos
1445 3511 1704 3578 nimium
1749 3509 2122 3575 temerarius
2166 3527 2366 3573 annos

481 3624 789 3707 improba,
835 3624 942 3706 qui
987 3624 1239 3688 tulerim
1284 3630 1472 3705 teque
1517 3627 1817 3702 tuamque
1848 3618 2148 3684 domum?

334 3732 543 3814 „Ergo
607 3751 724 3815 ego
788 3733 972 3798 nimis
1034 3730 1458 3797 temerarius?
1538 3747 1736 3811 egone
1793 3727 2017 3806 audaX,
2090 3725 2195 3807 qui
2254 3742 2530 3789 amorem

314 3850 491 3907 tuum
538 3843 842 3925 poscam?
886 3861 1025 3907 cum
1071 3849 1282 3907 tamen
1325 3847 1455 3905 tam
1499 3841 1731 3904 multos
1765 3855 1962 3902 annos
1991 3835 2321 3916 imperium
2353 3840 2531 3899 tuum

312 3953 628 4033 patienter
673 3953 942 4018 tulerim.
986 3952 1130 4017 Jam
1168 3950 1404 4030 dubim,
1449 3951 1648 4014 simne
1694 3949 1807 4012 tibi
1842 3965 2117 4027 unquam
2153 3945 2312 4010 liber
2346 3946 2534 4025 visuS,

493 4202 561 4268 ¹⁰)
601 4206 771 4254 Libri:
814 4221 942 4266 ergo,
984 4208 1171 4253 omisso
1210 4205 1527 4267 pronomine.
