3082 4688
1414 291 1830 353 ...14-

516 490 706 538 causa
772 471 853 537 ab
921 472 1099 537 initio
1161 472 1310 537 deos
1375 475 1694 556 appellare
1761 475 2120 540 instituerat
2178 480 2367 554 atque
2427 472 2489 538 in
2538 493 2595 538 v.
2639 478 2718 539 37

516 579 680 645 redit
721 579 801 644 ad
843 580 1089 645 initium
1132 580 1317 662 illud,
1375 582 1543 663 quod
1587 580 1825 648 fecerat
1867 603 1924 649 v.
1971 588 2196 649 9-11,
2242 617 2318 630 -
2406 582 2533 648 Suo
2571 583 2724 664 jure
2831 614 2836 620 ’

518 687 792 753 Haasius
833 689 1015 770 eique
1057 690 1450 756 consentiens
1494 689 1873 756 Ribbeckius
1930 692 2283 772 reJecerunt
2322 690 2484 755 hanc
2530 689 2723 771 expli-

517 796 822 862 cationem
870 805 933 863 et
975 798 1164 879 plane
1210 799 1520 864 assentior
1561 799 1794 864 Haasio
1838 799 2068 865 dicenti
2129 818 2272 881 pag.
2339 803 2448 864 12:
2514 815 2726 878 „mag-

519 921 662 969 nam
704 904 819 969 hoc
863 906 1046 969 modo
1095 913 1326 987 poetae
1370 883 1953 988 ingenio'inJ‘uriam
2005 906 2201 973 fieri.“
2254 907 2528 974 Haasius
2574 906 2725 986 ipse,

518 1033 659 1079 cum
706 1017 1016 1097 quomodo
1068 1024 1420 1083 removeret
1464 1016 1885 1098 difficultateS,
1955 1037 2077 1082 non
2125 1019 2448 1097 inveniret,
2525 1024 2725 1083 trans-

519 1128 841 1209 ponendos
885 1147 1021 1192 esse
1061 1148 1279 1194 versus
1323 1130 1565 1194 censuit
1606 1137 1751 1211 post
1794 1149 1850 1194 v.
1897 1134 2008 1208 263
2072 1137 2137 1195 et
2181 1128 2464 1211 profecto
2509 1129 2719 1195 nescio

520 1256 598 1302 an
666 1237 887 1301 melius
949 1236 1063 1302 hoc
1130 1236 1350 1302 fecerit
1419 1256 1608 1318 quam
1675 1239 1936 1303 laudare
2005 1239 2274 1304 Dissenii
2318 1239 2718 1304 sententiam.

521 1347 662 1427 Ipse
708 1364 842 1426 eg0,
888 1346 938 1409 si
978 1363 1099 1410 non
1145 1346 1267 1410 alio
1312 1346 1494 1411 modo
1539 1366 1641 1410 res
1672 1352 1886 1427 posset
1923 1347 2219 1427 expediri,
2265 1344 2527 1427 pedibus
2564 1346 2720 1411 irem
2756 1336 2762 1341 ’

521 1456 582 1520 in
628 1456 1003 1519 sententiam
1045 1455 1197 1536 ejus,
1263 1455 1386 1521 Sed
1424 1457 1620 1520 multo
1657 1454 1899 1521 facilior
1944 1462 2007 1522 et
2051 1457 2394 1538 simplicior
2439 1463 2574 1521 tota
2621 1473 2723 1520 res

523 1572 638 1631 est.
719 1566 783 1630 Si
841 1566 1004 1630 enim
1063 1584 1231 1644 eam,
1297 1584 1484 1646 quam
1547 1585 1662 1646 ego
1707 1567 2039 1647 proposui,
2122 1568 2319 1631 totius
2365 1566 2483 1631 loci
2528 1565 2728 1631 inter·

521 1676 937 1757 pretationem
983 1675 1228 1757 accipis,
1273 1676 1482 1740 omnia
1523 1675 1682 1740 bene
1723 1676 2074 1757 procedunt
2118 1694 2316 1758 neque
2364 1682 2723 1740 autemen-

522 1787 776 1852 datione
836 1787 962 1850 ulla
1018 1792 1130 1851 aut
1194 1787 1681 1867 transpositione
1718 1805 1873 1868 opus
1919 1792 2047 1865 est3
2107 1786 2295 1852 immo
2333 1785 2724 1867 gravissimis

525 1897 941 1977 argumentis,
1009 1915 1122 1960 suo
1188 1896 1323 1961 loco
1386 1916 1602 1961 versus
1672 1897 2033 1961 retinendos
2076 1916 2243 1976 esse,
2296 1897 2717 1961 demonstrari

525 2010 752 2087 potest.
813 2004 992 2083 Quid,
1029 2022 1283 2084 quaer0,
1331 2004 1530 2076 Pales,
1568 2004 1900 2085 pastoritia
1944 2004 2062 2069 dea
2106 2004 2222 2068 sibi
2270 2004 2405 2068 vult
2442 2004 2502 2068 in
2551 2003 2720 2084 agri-

525 2116 802 2180 colarum
854 2115 1113 2180 deorum
1183 2134 1475 2192 numero,
1559 2133 1699 2178 cum
1766 2114 1937 2177 nulla
2004 2112 2207 2179 adhuc
2272 2113 2486 2194 gregis
2555 2131 2719 2177 com-

524 2225 893 2291 memoratio
937 2222 1104 2289 facta
1149 2223 1276 2288 sit?
1323 2257 1400 2266 —
1447 2223 1707 2303 Iamjam
1753 2220 2193 2301 intellegimuS,
2238 2239 2459 2285 verum
2497 2221 2722 2286 carmi-

524 2333 618 2398 nis
663 2351 912 2398 sensum
962 2331 1442 2414 perspiciente8‚
1507 2349 1695 2412 quam
1742 2328 2006 2395 ridicula
2047 2329 2132 2395 sit
2174 2329 2281 2394 illa
2346 2327 2725 2395 schematica
2783 2407 2786 2410 ¹

523 2441 744 2522 forma,
828 2461 1016 2522 quam
1062 2442 1179 2506 viri
1225 2440 1391 2505 docti
1428 2444 1807 2515 statuerunt,
1846 2444 1916 2502 ut
1962 2437 2076 2502 hoc
2121 2444 2291 2502 certe
2336 2443 2552 2501 nostro
2589 2436 2734 2517 jure

536 2554 853 2634 miremur,
920 2551 1124 2617 adhuc
1169 2551 1475 2616 neminem
1520 2549 1853 2628 exstitisse,
1898 2548 2005 2629 qui
2042 2547 2200 2612 tales
2246 2565 2447 2627 nugas
2494 2545 2729 2611 refuta-

532 2669 649 2729 ret.
737 2662 923 2728 Certe
982 2675 1334 2743 opportuno
1395 2660 1528 2724 loco
1589 2659 1772 2723 Pales
1831 2659 1946 2722 dea
2003 2657 2064 2722 in
2109 2676 2296 2722 versu
2339 2663 2418 2722 36
2464 2675 2730 2721 comme-

530 2754 832 2852 moratur,
899 2776 1089 2852 atque
1135 2776 1204 2834 ut
1244 2769 1306 2833 in
1348 2768 1559 2849 priore
1602 2773 1783 2847 parte
1827 2765 2247 2846 agricolarum
2290 2763 2423 2830 deis
2465 2783 2729 2829 munera

526 2895 835 2959 sacraque
871 2882 1017 2942 sunt
1062 2877 1285 2954 allata,
1368 2881 1437 2938 ut
1481 2892 1671 2954 agros
1717 2879 2049 2952 tueantur,
2115 2873 2205 2938 sic
2255 2873 2319 2938 in
2368 2873 2484 2938 hac
2527 2880 2731 2953 parte,

529 3005 668 3051 cum
715 2985 899 3050 unica
956 2985 1201 3066 pecoris
1240 3002 1391 3049 cura
1430 2982 1664 3046 rustico
1716 2981 2106 3059 remanserit,
2168 2982 2540 3062 pastoritiae
2585 2981 2740 3047 deae

533 3113 719 3177 pares
757 3093 1066 3160 debentur
1112 3093 1410 3171 honores,
1463 3098 1535 3156 ut
1579 3089 1756 3172 gregi
1802 3089 2176 3170 prospiciat3
2252 3090 2341 3154 ita
2385 3096 2457 3154 ut
2496 3089 2733 3170 optime

539 3201 962 3283 respondeant
1019 3220 1074 3265 v.
1115 3206 1214 3266 35.
1260 3203 1340 3267 36
1379 3199 1665 3264 versibus
1717 3201 1982 3262 11—24.

700 3313 838 3377 Non
893 3312 1165 3377 minores
1225 3309 1482 3374 fuerunt
1543 3327 1826 3389 errores,
1890 3309 1954 3373 in
2004 3327 2160 3390 quos
2218 3308 2572 3373 inciderunt
2624 3307 2744 3371 viri

539 3425 705 3489 docti
750 3425 829 3488 de
872 3422 1156 3489 versibus
1194 3427 1272 3487 37
1319 3439 1452 3502 sqq.
1491 3420 1884 3502 judicanteS,
1933 3439 2073 3486 cum
2119 3438 2240 3485 non
2286 3420 2744 3500 intellegerent,

537 3535 686 3616 quid
733 3532 1116 3616 significaret
1161 3533 1268 3598 illa
1311 3532 1573 3597 deorum
1618 3532 2013 3597 convocatio:

873 3645 1112 3724 adsitis
1157 3644 1303 3724 divi,
1349 3661 1462 3708 nec
1505 3661 1617 3708 vos
1663 3662 1697 3707 e
1742 3661 2018 3724 paupere
2064 3658 2278 3707 mensa

869 3758 1031 3822 dona
1073 3774 1185 3821 nec
1229 3773 1266 3819 o
1308 3755 1485 3836 puris
1528 3753 1807 3834 spernite
1850 3752 2143 3819 fictilibus
2188 3768 2322 3833 sqq.
2370 3784 2447 3796 —

538 3865 846 3932 Videlicet
891 3884 1143 3931 necesse
1188 3869 1359 3943 erat,
1417 3863 1530 3929 hos
1575 3880 1823 3944 quoque
1864 3881 2083 3927 versus
2127 3860 2360 3926 eisdem
2405 3878 2748 3927 accommo-

537 3975 673 4039 dari
726 3974 966 4058 ‚logices
1028 3973 1292 4054 regulis,
1348 3990 1505 4053 quas
1565 3972 1770 4037 animo
1827 3970 1944 4036 sibi
1990 3968 2307 4036 finxerunt
2349 3970 2749 4048 omniumque

542 4082 801 4147 deorum
866 4081 1177 4147 invocatio
1241 4081 1566 4164 aptissime
1634 4078 1967 4145 claudebat
2038 4078 2428 4160 singulorum
2489 4077 2749 4142 deorum

557 4189 1123 4268 enumerationem3
1169 4191 1382 4270 itaque
1426 4196 1489 4254 et
1535 4189 1814 4270 Scaliger
1859 4198 1923 4253 et
1964 4188 2236 4254 Haasius
2279 4194 2343 4251 et
2377 4184 2754 4250 Ribbeckius
