3082 4688
1376 295 1794 359 ...10-

478 474 785 537 communi
844 474 1232 557 singularum
1285 481 1561 560 partium
1614 438 1858 545 vincul&
1919 484 2299 549 sententiam
2345 483 2692 549 confirmet.

487 581 812 647 Scribendi
862 583 1059 664 igitur
1115 592 1269 652 sunt
1327 606 1580 668 versus,
1652 596 1723 654 ut
1782 609 1889 655 eos
1938 592 2068 672 Jam
2127 591 2563 659 Lachmannus
2633 594 2696 658 in

491 698 759 774 utraque
806 693 1086 759 exhibuit
1128 696 1431 763 editione:

744 801 898 868 Jam
940 802 1121 866 modo
1165 825 1286 868 mon
1322 825 1588 889 possum
1631 814 1961 874 contentus
2007 809 2218 875 vivere
2261 830 2458 892 parvo

737 931 850 977 nec
893 931 1142 994 semper
1186 915 1409 995 longae
1452 916 1702 980 deditus
1748 935 1883 981 esse
1926 917 2080 981 viae.

486 1027 673 1092 Modo
733 1048 853 1093 non
914 1029 1079 1093 idem
1144 1030 1457 1111 significat
1524 1037 1716 1113 atque
1787 1039 2067 1112 „tantum
2138 1036 2320 1114 n0n“,
2387 1035 2697 1101 Graecum

487 1133 731 1231 μόνον
783 1135 901 1230 οὐ,
948 1147 1231 1231 beinahe‚
1276 1149 1433 1229 fast:
1483 1151 1648 1230 quod
1695 1171 2070 1233 quamquam
2120 1153 2324 1217 rarius
2366 1154 2700 1231 invenitur,

488 1268 695 1326 tamen
737 1263 869 1343 jam
915 1263 1080 1343 apud
1126 1264 1486 1328 Terentium
1534 1272 1740 1330 exstat
1785 1265 2046 1352 Phorm,
2079 1268 2126 1346 Ι,
2172 1272 2227 1346 2,
2294 1273 2402 1331 17:
2479 1268 2699 1346 „modo

488 1393 609 1438 non
670 1379 913 1437 montes
958 1373 1096 1437 auri
1153 1374 1489 1454 pollicens“
1539 1381 1604 1440 et
1643 1382 1862 1456 postea
1905 1377 2069 1458 apud
2125 1372 2287 1442 alios
2342 1379 2700 1460 scriptores·

489 1482 625 1546 Hac
672 1481 917 1545 ratione
982 1481 1035 1545 si
1078 1481 1272 1546 verba
1314 1482 1561 1563 accipiS‚
1623 1483 1843 1561 „modo
1905 1504 2025 1548 non
2072 1488 2364 1566 possum“
2429 1484 2700 1551 referen-

418 1644 424 1652 .
493 1591 640 1656 dum
702 1597 798 1654 est
856 1589 936 1654 ad
1000 1598 1368 1669 „contentus
1425 1593 1636 1657 vivere
1692 1597 1926 1675 parvo“
1977 1603 2165 1677 atque
2229 1597 2292 1660 in
2352 1617 2540 1662 versu
2601 1603 2701 1662 26.

493 1703 571 1762 27
639 1698 897 1762 verbum
962 1702 1290 1779 „possum“
1350 1700 1848 1765 subaudiendum
1894 1710 2007 1766 est.
2099 1702 2337 1767 Deinde
2383 1704 2703 1769 continua-

490 1812 595 1870 tur
666 1807 979 1871 sententia
1037 1827 1255 1872 versus
1315 1815 1394 1873 25
1464 1809 1526 1872 in
1586 1828 1770 1874 versu
1839 1809 2084 1874 demum
2149 1815 2246 1874 29.
2358 1811 2476 1875 Hic
2540 1813 2701 1876 enim

493 1915 942 1997 comperimus,
1008 1917 1412 1998 quamobrem
1459 1936 1580 1981 non
1627 1936 1887 1998 prorsus
1946 1924 2134 1998 poeta
2199 1937 2394 1998 parvo
2452 1925 2704 1983 conten-

495 2032 596 2088 tus
643 2025 851 2089 vivere
895 2027 1125 2106 possit:
1218 2027 1384 2105 „Nec
1443 2035 1654 2091 tamen
1713 2029 2027 2091 interdum
2087 2028 2299 2110 pigeat
2352 2038 2466 2093 etc.
2509 2030 2705 2094 Totus

490 2136 685 2215 igitur
731 2136 903 2200 locus
944 2137 1035 2201 sic
1093 2135 1225 2200 fere
1268 2137 1331 2199 in
1376 2137 1775 2200 vernaculam
1818 2136 2095 2215 linguam
2157 2138 2496 2202 vertendus
2553 2140 2703 2203 erit:

490 2246 662 2311 Jetzt
735 2247 903 2311 kann
980 2246 1078 2312 ich
1157 2246 1281 2310 fast
1359 2246 1679 2311 zufrieden
1756 2244 1934 2310 leben
2005 2247 2119 2310 mit
2187 2247 2482 2328 wenigem
2571 2249 2697 2312 und

486 2357 764 2422 brauche
805 2358 978 2423 nicht
1043 2360 1263 2423 immer
1306 2359 1424 2423 den
1477 2359 1737 2439 langen,
1799 2357 2184 2439 miihseligen
2226 2358 2386 2439 Weg
2433 2358 2697 2424 zuriick-

487 2470 783 2549 zulegen3
850 2469 1119 2570 sondern
1180 2467 1348 2533 kann
1394 2468 1511 2533 den
1559 2468 1847 2534 Strahlen
1895 2467 2003 2532 des
2049 2468 2401 2548 gliihenden
2447 2469 2729 2534 Hunds»

489 2586 733 2643 sternes
815 2577 1233 2657 ausweichen‚
1327 2579 1570 2660 liegend
1652 2585 1838 2643 unter
1917 2577 2056 2640 dom
2133 2577 2428 2642 Schatten
2527 2579 2707 2642 eines

489 2688 761 2750 Baumes
826 2704 925 2750 am
987 2686 1334 2751 rieselnden
1390 2686 1617 2751 Bache.
1728 2686 1926 2767 <Aber
1969 2685 2126 2750 noch
2175 2685 2344 2750 nicht
2388 2705 2547 2766 ganz
2591 2685 2694 2751 bin

490 2794 588 2859 ich
634 2813 753 2857 von
815 2795 971 2859 aller
1018 2794 1235 2858 Arbeit
1296 2794 1546 2872 erliist):
1635 2794 1808 2857 Doch
1854 2792 2149 2857 zuweilen
2196 2811 2340 2872 mag
2393 2791 2488 2856 ich
2536 2791 2694 2857 mich

496 2905 678 2990 nicht
732 2904 1025 2969 schemen
1044 2902 1092 2982 ⁸)
1154 2911 1268 2968 etc.
1356 2903 1529 2968 Haec
1589 2904 1703 2969 loci
1765 2902 2094 2984 explicatio
2162 2920 2365 2966 nonne
2432 2922 2501 2967 re
2560 2904 2698 2984 ipsa

668 3156 713 3221 ³)
752 3160 939 3219 Negare
1003 3172 1102 3207 non
1168 3172 1391 3221 possum,
1451 3158 1604 3205 etiam
1658 3159 1938 3213 lectionem,
1985 3170 2132 3218 quam
2187 3159 2392 3219 praebet
2428 3174 2515 3208 ce:
2570 3161 2690 3217 jam

496 3257 650 3304 modo
687 3270 829 3303 nunc
861 3269 1071 3313 possum
1108 3256 1231 3301 satis
1270 3259 1442 3315 aptum
1468 3253 1651 3300 habere
1679 3265 1897 3314 sensum,
1932 3253 1978 3299 si
2004 3253 2301 3312 particulam
2332 3250 2542 3310 „modo“
2583 3264 2691 3299 cum

498 3349 695 3412 .‚nune‘·'
740 3353 1049 3411 conjungens
1085 3357 1218 3399 recte
1256 3351 1612 3410 particularum
1665 3351 1765 3396 vim
1800 3350 2179 3411 interpretariS,
2243 3349 2291 3397 id
2331 3348 2461 3411 quod
2498 3351 2688 3411 optime

495 3453 612 3499 fecit
649 3451 732 3499 Er.
770 3450 1028 3496 Liibkerus
1088 3450 1139 3495 in
1179 3448 1370 3495 Klotzii
1407 3448 1561 3496 lexic.
1623 3446 1686 3506 11,
1754 3460 1864 3508 pag.
1903 3450 2001 3494 431
2042 3460 2070 3491 a
2107 3445 2167 3506 (s.
2208 3423 2256 3493 τ).
2296 3444 2441 3492 modo
2480 3445 2564 3492 Nr.
2603 3445 2694 3507 2)3

499 3546 675 3604 „modo
691 3543 870 3604 gerade
896 3546 1037 3602 eben,
1078 3544 1156 3589 bei
1195 3543 1712 3600 ZeitbeStimmungen
1749 3556 1844 3588 von
1882 3542 2009 3604 dem,
2047 3555 2147 3589 was
2175 3543 2335 3589 eluso
2373 3541 2532 3588 volles
2558 3540 2695 3588 Mass

495 3640 612 3700 hat,
676 3638 789 3685 dass
844 3652 895 3684 es
952 3637 1201 3685 entweder
1249 3637 1302 3682 in
1342 3636 1426 3684 die
1468 3637 1760 3694 Gegenwart
1798 3638 1866 3683 im
1906 3643 2189 3695 strengsten
2228 3636 2384 3684 Sinne
2417 3636 2534 3683 sant
2570 3635 2692 3684 oder

495 3734 647 3780 sehon
684 3734 807 3780 eben
846 3731 932 3778 der
970 3732 1372 3791 Vorgangenheit
1405 3732 1646 3791 augelniirt
1681 3732 1799 3779 oder
1836 3734 1889 3779 in
1927 3733 2156 3781 nachster
2178 3732 2403 3780 Zukunft
2424 3734 2690 3782 unmittel-

496 3831 584 3877 bar
638 3828 928 3874 bevorsteht
960 3840 1030 3884 gr.
1070 3813 1240 3890 &praf‘
1283 3852 1346 3860 —
1386 3825 1585 3873 Deinde
1627 3825 1752 3872 hanc
1804 3826 1901 3872 loci
1953 3824 2112 3872 nostri
2145 3826 2337 3886 profert
2394 3823 2690 3876 lectionem:

489 3926 593 3983 jam
632 3922 778 3970 modo
817 3935 948 3969 nunc
982 3935 1220 3984 possums
1246 3934 1543 3984 quamquam
1583 3922 1637 3968 in
1673 3922 1906 3979 ambiguo
1928 3934 2028 3968 rem
2067 3921 2311 3981 relinquit
2346 3928 2396 3970 et
2434 3923 2498 3971 ad
2538 3925 2696 3971 inter-

500 4025 664 4084 pretes
714 4033 803 4066 nos
859 4018 1084 4080 deleget,
1149 4033 1177 4065 a
1214 4019 1399 4079 quibus
1437 4016 1561 4078 quid
1604 4023 1894 4076 exspectare
1932 4019 2213 4080 possimus,
2274 4019 2423 4068 modo
2459 4020 2694 4069 vidimus.

500 4118 724 4165 Liibkeri
764 4116 1228 4176 interpretationem
1265 4116 1312 4162 si
1357 4115 1710 4176 acciperemus,
1763 4112 2201 4174 vertendusesset
2237 4116 2403 4167 locus:
2461 4116 2525 4164 So
2563 4119 2695 4165 kann

498 4213 582 4264 ich
630 4212 764 4262 deun
806 4215 934 4273 Jetzt
983 4212 1056 4270 (id
1112 4219 1221 4261 eet:
1285 4225 1396 4259 cum
1453 4211 1656 4260 labores
1695 4210 1871 4273 effugi)
1923 4215 2014 4258 etc.
2056 4237 2120 4246 —
2194 4209 2296 4260 Sed
2334 4215 2499 4260 tamen
2537 4224 2697 4272 neque
