3082 4688
1185 238 1727 312 ‘-39--

401 430 586 491 runt:
631 410 721 492 sic
765 426 880 492 tibi
924 445 1173 509 quoque
1216 428 1536 510 Properti!
1576 468 1659 477 —
1699 426 2092 492 moriendum
2121 431 2228 492 est.
2255 429 2615 497 Invenimus

404 530 568 596 hanc
610 534 986 598 sententiam
1044 554 1102 600 v.
1166 542 1240 600 17
1282 535 1560 617 (Lachm.
1620 538 1825 619 prima
1869 537 1963 603 ed.
2010 539 2149 618 11‚9‚
2202 544 2224 601 1
2278 555 2411 619 sqq.
2458 539 2633 605 Luc..

405 638 752 705 Muellerus
798 641 879 721 II,
938 642 1119 707 VIIIb
1173 661 1231 707 v.
1282 649 1356 706 17
1403 642 1586 725 sqq).

555 754 585 839 f
676 747 815 813 'Sic
857 750 1052 830 igitur
1095 751 1302 832 prima
1346 751 1616 816 moriere
1660 755 1888 831 aetate,
1961 750 2289 832 Properti!

394 854 628 935 optime
651 874 1028 938 expressam.
1087 859 1435 926 Delendum
1472 859 1668 941 igitur
1698 864 1793 925 est
1820 859 2334 941 interrogationis
2368 858 2615 940 signum

395 972 540 1046 post
578 968 946 1048 „Properti“
976 982 1053 1038 „et
1096 960 1564 1035 exclamationis
1587 969 1833 1049 signum
1863 969 2252 1050 ponendum;
2297 969 2411 1033 hoc
2452 969 2616 1033 enim

376 1075 591 1141 totius
633 1095 851 1142 versus
895 1094 1116 1143 sensus
1170 1078 1397 1160 exigit:
1465 1084 1655 1160 poeta
1696 1078 1775 1143 ad
1823 1078 2284 1143 conclusionem
2329 1077 2617 1158 pervenit

358 1170 368 1177 ”
405 1184 989 1264 argumentationis,
1061 1190 1125 1250 et
1167 1192 1339 1250 certe
1382 1184 1652 1250 maximo
1699 1182 1981 1250 afficitur
2028 1184 2262 1248 dolore.
2310 1219 2387 1228 --
2480 1182 2618 1260 Quo

289 1371 297 1377 ·
395 1288 590 1353 modo
617 1289 671 1354 si
713 1308 932 1355 versus
976 1290 1377 1373 explicamuS,
1421 1310 1500 1356 ne
1546 1310 1739 1357 unum
1763 1291 2019 1372 quidem
2064 1291 2327 1357 verbum
2358 1290 2617 1355 dubium

397 1403 610 1461 manet
652 1402 717 1463 et
759 1397 1112 1463 obscurum.
1157 1398 1354 1463 Immo
1398 1398 1622 1464 vocula
1669 1397 1847 1479 „Sic“
1897 1416 2062 1462 nunc
2106 1398 2356 1462 demum
2378 1396 2617 1477 justam

415 1505 643 1586 accipit
708 1505 1232 1587 significationem
1297 1526 1411 1573 nec
1468 1507 1675 1573 minns
1734 1514 1882 1588 apte
1925 1507 2292 1572 collocatam
2334 1506 2619 1572 videmus

398 1614 774 1692 particulam
819 1614 1033 1696 igitur,
1114 1632 1275 1695 quae
1321 1614 1677 1679 necessaria
1720 1631 1870 1694 pars
1913 1618 2011 1678 est
2054 1612 2486 1678 conclusionis.
2536 1644 2612 1655 —

399 1719 556 1799 Cum
616 1721 984 1802 Propertius
1043 1721 1193 1802 ipse,
1268 1720 1662 1786 moriendum
1718 1719 1840 1785 sibi
1901 1738 2056 1800 esse,
2134 1725 2614 1802 argumentatus

394 1835 579 1908 esset,
626 1831 900 1895 nondum
934 1840 1145 1895 tamen
1188 1830 1267 1895 ad
1313 1828 1500 1895 finem
1530 1830 1820 1911 pervenit
1863 1846 2076 1894 secum
2100 1829 2364 1908 locutuS,
2411 1846 2616 1909 neque

410 1936 477 2001 in
520 1943 700 2004 tanta
742 1939 1003 2005 tristitia
1059 1945 1123 2005 et
1183 1939 1625 2021 desperatione
1685 1956 1827 2003 eum
1889 1932 2319 2018 relinquimus.
2410 1937 2619 2002 Unum

426 2044 718 2110 solatium
762 2046 1065 2112 remansit
1098 2034 1355 2128 poetae:
1403 2043 1607 2109 Mors,
1632 2045 1867 2110 aemuli
1879 2062 1901 2124 ;
1944 2045 2127 2126 hunc,
2171 2045 2447 2110 omnium
2491 2064 2621 2110 ma-

414 2151 616 2217 lorum
660 2158 1001 2234 auctorem,
1047 2154 1351 2220 acerrime
1394 2154 1732 2220 ulciscetur
1768 2160 1960 2235 atque
1995 2153 2085 2218 sic
2127 2152 2260 2219 fere
2297 2153 2620 2218 continua-

426 2265 530 2323 tur
572 2259 1027 2325 sententiarum
1073 2261 1266 2325 ordo:
1310 2244 1487 2326 Licet
1529 2262 1664 2343 ipse
1708 2280 1825 2343 ego
1870 2261 2125 2342 moriar,
2167 2261 2315 2326 licet
2344 2261 2623 2342 gaudeat

413 2387 550 2435 meo
611 2370 872 2436 interitu
932 2371 1143 2452 puella
1183 2406 1262 2414 —
1306 2373 1622 2436 aemulum
1682 2389 1925 2436 mecum
1984 2371 2144 2436 mori
2209 2389 2461 2436 necesse
2506 2377 2619 2437 est.

419 2467 836 2546 Continuatur
874 2481 1071 2562 igitur
1114 2464 1428 2546 sententia
1470 2469 1691 2547 versus
1763 2484 1839 2546 18
1884 2480 1945 2544 in
1987 2499 2176 2546 versu
2219 2480 2470 2545 demum
2505 2485 2618 2544 25:

417 2589 692 2669 (Lachm.
761 2590 965 2671 prima
1034 2590 1129 2655 ed.
1189 2589 1334 2671 11‚9‚
1405 2595 1441 2654 2
1502 2595 1569 2656 et
1606 2582 1652 2656 9'
1687 2591 1838 2655 Luc.
1875 2590 2218 2657 Muellerus
2262 2590 2343 2671 II,
2394 2591 2582 2655 VIIIb
2608 2637 2623 2668 ‚

409 2702 482 2762 18
528 2704 593 2764 et
631 2696 768 2781 25.)

611 2825 616 2830 ’
664 2811 742 2870 18
788 2805 910 2872 Sed
956 2824 1221 2886 morere,
1292 2804 1557 2871 interitu
1615 2804 1893 2886 gaudeat
1936 2803 2045 2868 illa
2079 2809 2189 2868 tuo
2233 2821 2369 2885 sqq.

663 2917 745 2980 25
787 2915 906 2981 Sed
949 2916 1072 2981 non
1118 2913 1409 2996 effugies:
1472 2933 1715 2980 mecum
1761 2913 2052 2978 moriaris
2093 2919 2363 2993 oportet.

405 3023 541 3089 Non
586 3025 806 3090 mirari
869 3025 1183 3105 debemus,
1254 3024 1423 3105 quod
1465 3031 1563 3089 tot
1605 3022 1891 3088 versibus
1953 3023 2345 3105 interpositis
2390 3020 2623 3087 oblitus

401 3130 484 3194 sit
519 3136 725 3212 poeta,
794 3132 1105 3212 quomodo
1164 3149 1423 3197 exorsus
1484 3137 1651 3196 esset
1707 3131 2134 3209 enuntiatum
2213 3132 2622 3213 quamobrem

417 3241 604 3321 „sed“
671 3241 1169 3322 conjunctionem
1230 3242 1528 3307 iteratam
1588 3241 1889 3306 videmus.
1927 3276 2003 3287 —
2094 3242 2215 3320 Qui
2271 3250 2624 3324 sequuntur

403 3369 623 3416 versus
674 3349 979 3433 (26-40)
1027 3351 1199 3416 nulla
1262 3356 1450 3431 egent
1493 3350 2036 3434 interpretatione,
2093 3370 2233 3417 cum
2271 3354 2475 3419 nullas
2511 3372 2618 3418 ex-

404 3460 661 3527 hibeant
705 3459 1107 3527 difficultates
1152 3466 1217 3526 et
1260 3460 1338 3526 ab
1384 3460 1673 3526 omnibus
1719 3467 1890 3527 recte
1926 3462 2053 3527 sint
2089 3462 2411 3527 intellecti.
2453 3499 2534 3509 —-

569 3571 1075 3653 Simplicissimus
1120 3578 1217 3636 est
1256 3578 1321 3637 et
1362 3571 1616 3636 minime
1661 3573 1999 3644 arcessitus
2027 3571 2127 3636 hic
2151 3574 2606 3639 sententiarum

413 3682 585 3763 ordo,
625 3683 733 3764 qui
777 3683 830 3748 si
874 3681 1198 3763 accipitur,
1254 3681 1387 3762 jam
1430 3681 1667 3746 nullam
1709 3681 1889 3746 video
1935 3681 2382 3748 obscuritatem
2428 3684 2621 3748 relin-

396 3792 521 3872 qui,
566 3810 769 3873 neque
811 3793 921 3857 illa
964 3792 1147 3857 nimis
1191 3790 1412 3856 audaci
1452 3790 1992 3857 sermocinationis
2053 3788 2259 3871 figura
2301 3810 2458 3874 opus
2510 3800 2609 3859 est

397 3906 461 3967 et
495 3900 759 3968 mirifica
801 3919 1214 3982 personarum
1259 3901 1640 3981 mutatione;
1687 3901 1912 3984 quibus
1949 3899 2228 3966 artificiis
2255 3904 2606 3982 permultas

396 4011 799 4078 difficultates
843 4013 1220 4093 nequiquam
1263 4010 1719 4092 Hertzbergius
1764 4029 2088 4076 removere
2123 4011 2384 4076 studuit.
2460 4012 2614 4077 Car·

397 4140 537 4188 men
600 4120 918 4202 habemuS,
993 4121 1159 4204 quod
1219 4139 1529 4187 summum
1588 4120 2025 4186 aemulationis
2066 4118 2378 4188 fervorem
2431 4119 2612 4187 nobis
