3082 4688
1466 293 1885 357 ...42-

557 471 687 539 cior
732 476 798 538 et
859 471 1194 539 verborum
1234 474 1618 555 parsimonia
1661 475 2109 558 despicientiae
2153 475 2356 559 frigus
2401 481 2669 558 apparet
2714 482 2780 542 et

555 579 731 661 digni
775 586 965 662 poeta
1007 579 1268 648 affectus
1329 583 1640 665 expletam
1684 582 1863 663 justa
1908 585 2184 651 vindicta
2229 585 2390 651 iram
2435 583 2778 650 testifican-

564 689 728 754 tur.“
778 724 858 737 -
944 690 1061 757 His
1104 691 1299 773 igitur
1344 691 1553 757 verbis
1599 693 1754 758 satis
1798 712 1866 758 se
1911 691 2131 759 fecisse
2173 711 2545 775 persuasum
2590 693 2782 759 habet

558 798 638 865 ad
686 798 1119 881 integritatem
1149 802 1442 866 carminis
1466 801 1859 867 servandam.
1903 801 1961 865 N
1965 820 2121 882 em0‚
2154 806 2460 884 quantum
2486 800 2777 884 equidem

557 907 705 988 sci0,
750 908 1240 992 Hertzbergium
1285 917 1538 994 secutus
1585 924 1678 976 est
1723 917 1787 977 et
1822 929 1935 976 nos
1981 917 2153 976 certe
2197 911 2436 992 majore
2460 929 2601 977 cum
2640 911 2780 976 dili-

559 1017 777 1097 gentia
820 1018 885 1082 in
930 1036 1064 1083 rem
1107 1018 1429 1099 inquirere
1474 1018 1793 1084 debemus,
1876 1018 2186 1083 Nimirum
2234 1023 2532 1083 accurate
2576 1023 2777 1083 totum

558 1126 802 1207 elegiae
845 1145 1096 1193 sensum
1135 1128 1588 1209 perspicientes
1613 1128 1729 1192 hoc
1758 1128 2028 1193 libenter
2050 1127 2452 1193 Lachmanno
2482 1127 2777 1192 concede-

558 1252 716 1315 muS‚
762 1235 1111 1301 desiderari
1158 1235 1430 1301 alteram
1476 1236 1770 1300 carminis
1812 1221 2077 1316 partem,
2150 1253 2311 1316 quae
2348 1235 2486 1314 ipsa
2530 1235 2779 1298 demum

557 1343 759 1408 lucem
807 1339 1034 1406 afferat
1076 1340 1279 1408 frusto
1325 1342 1563 1422 avuls0,
1652 1362 1775 1423 qua
1821 1350 2093 1426 exponat
2120 1349 2327 1425 poeta,
2370 1342 2779 1424 quamobrem

556 1450 876 1514 irascatur
918 1450 1186 1530 puellae,
1264 1449 1674 1530 quamobrem
1740 1451 1929 1516 etiam
1975 1452 2262 1518 desinere
2308 1452 2458 1516 velit
2503 1452 2781 1516 carmina

559 1555 874 1622 amatoria
916 1574 1214 1638 pangere.
1258 1557 1587 1623 Nescimus
1631 1564 1981 1639 praete-rea,
2028 1560 2180 1640 quid
2213 1562 2550 1638 „munera“
2588 1560 2781 1641 signi—

560 1662 748 1730 ficent
788 1665 852 1729 in
899 1665 1089 1731 tertio
1135 1684 1339 1744 versu,
1385 1666 1532 1747 quid
1580 1667 1764 1747 plura
1788 1665 1819 1728 ἱ)
1864 1667 2021 1731 adeo
2066 1661 2275 1732 omnia
2321 1667 2591 1732 obscura
2632 1672 2780 1731 sunt

567 1780 632 1839 et
677 1774 887 1856 dubia,
966 1781 1038 1840 ut
1074 1793 1151 1840 ne
1196 1775 1650 1841 audacissimus
1696 1776 1947 1856 quidem
1990 1783 2179 1858 poeta
2223 1777 2377 1842 talia
2422 1778 2779 1859 aenigmata

560 1880 855 1964 proferre
921 1890 1279 1950 conaretur.
1318 1920 1397 1928 —
1483 1884 1875 1962 Quaeramus
1928 1904 2109 1966 nunc,
2183 1886 2333 1967 quid
2380 1887 2457 1951 de
2495 1887 2779 1951 versibus

561 1993 687 2057 illis
733 1994 1140 2059 statuendum
1184 1995 1286 2059 sit.
1376 1994 1769 2075 Quamquam
1822 1996 1986 2060 enim
2032 1995 2469 2061 Lachmannus
2518 1996 2780 2075 dixerat,

563 2118 687 2166 non
732 2100 1023 2167 laborare
1067 2120 1135 2166 se
1179 2102 1359 2182 scire,
1403 2121 1526 2183 quo
1572 2104 1981 2184 pertinerent,
2026 2112 2281 2185 gratum
2328 2113 2538 2172 tamen
2575 2106 2696 2171 erit
2718 2113 2783 2170 et

561 2215 909 2291 acceptum,
970 2210 1022 2275 si
1068 2210 1490 2276 desideratam
1534 2212 1830 2277 carminis
1873 2219 2120 2293 partem
2166 2213 2607 2282 invenerimus.
2685 2218 2779 2279 An

564 2337 653 2385 ea¹
685 2320 950 2387 scientia
992 2320 1406 2403 antiquitatis,
1483 2338 1647 2403 quae
1704 2321 1783 2387 ad
1830 2328 2114 2389 veterum
2175 2325 2334 2391 artis
2377 2331 2777 2393 monumenta

564 2434 830 2509 spectat,
903 2429 1226 2511 gaudebit,
1300 2447 1440 2494 cum
1501 2429 1697 2495 diruti
1754 2433 2141 2497 monumenti
2188 2434 2471 2499 membra
2513 2433 2778 2498 diversis

571 2536 724 2601 locis
761 2537 1048 2619 dispersa
1084 2537 1368 2619 collegit:
1447 2556 1578 2617 noS,
1622 2544 1952 2619 poetarum
2000 2540 2252 2619 ingenia
2299 2541 2609 2619 admirati,
2657 2558 2779 2604 non

568 2643 831 2709 eandem
892 2644 1254 2711 hauriemus
1317 2646 1703 2725 voluptatem
1764 2663 1797 2708 e
1854 2645 2098 2725 pulchri
2160 2647 2453 2711 carminis
2525 2647 2782 2712 restitu-

557 2749 772 2818 tione?
830 2791 886 2800 —
985 2753 1071 2818 Et
1136 2771 1287 2818 sane
1342 2771 1648 2833 prospere
1706 2752 1951 2828 accidit,
2025 2760 2097 2817 ut
2142 2754 2251 2818 illa
2295 2754 2500 2833 prima
2538 2755 2779 2834 elegiae

557 2884 707 2949 pars
755 2863 934 2930 nobis
978 2868 1232 2929 servata
1276 2862 1375 2927 sit.
1450 2861 1961 2942 Contemplemur
2010 2862 2173 2926 enim
2217 2880 2325 2927 sex
2350 2863 2491 2926 illos
2537 2880 2777 2941 versuS,

559 2995 717 3059 quos
762 2996 796 3041 e
843 2974 1122 3042 carmine
1165 2973 1290 3053 II,8
1333 2970 1668 3053 ejiciendos
1714 2988 1849 3036 esse
1893 2970 2249 3035 statuimus.
2318 2969 2473 3035 Cum
2515 2987 2779 3051 prorsus

561 3087 746 3154 alieni
793 3092 1004 3151 essent
1047 3084 1125 3149 ab
1167 3084 1336 3150 illius
1381 3082 1675 3147 carminis
1721 3086 2111 3161 argumento,
2156 3080 2374 3146 mirari
2413 3100 2535 3147 non
2562 3099 2780 3163 possu-

560 3216 718 3276 mu8‚
790 3195 958 3278 quod
1020 3212 1135 3260 nec
1201 3192 1640 3259 Lachmannus
1700 3208 1902 3272 neque
1960 3191 2122 3256 alius
2180 3192 2496 3273 interpres
2562 3212 2777 3258 verum

561 3326 777 3374 eorum
848 3322 1100 3378 sensum
1173 3301 1555 3383 cognoverit,
1621 3301 1684 3365 id
1749 3301 1914 3382 quod
1982 3302 2250 3368 maxime
2308 3309 2486 3384 patet
2530 3323 2563 3369 e
2607 3304 2780 3368 varia

568 3416 855 3482 lectionis
908 3412 1555 3494 interpunctionisque
1595 3413 1855 3490 ratione,
1934 3430 2122 3492 quam
2168 3413 2301 3493 ipse
2345 3414 2782 3479 Lachmannus

560 3524 861 3607 protulit3
949 3521 1361 3587 fluctuantem
1408 3538 1549 3585 eum
1598 3519 1896 3598 videmuS,
1945 3537 2058 3585 nec
2101 3521 2252 3600 quid
2298 3525 2469 3585 recte
2506 3526 2781 3585 statuen-

561 3634 710 3698 dum
756 3631 857 3711 sit,
904 3629 1404 3713 perspicientem.
1452 3628 1641 3694 Velut
1688 3627 1750 3691 in
1793 3628 1998 3708 prima
2035 3627 2129 3692 ed.
2174 3629 2237 3690 in
2282 3646 2335 3691 v.
2387 3632 2452 3689 ll
2502 3645 2625 3690 vae
2665 3645 2782 3707 pro

567 3742 740 3821 „vel“
785 3739 1189 3806 scribendum
1238 3743 1453 3802 censet
1502 3737 1706 3816 „quod
1751 3736 1850 3798 vel
1892 3755 2008 3818 pro
2047 3738 2102 3797 et
2135 3733 2467 3800 deterioris
2494 3737 2632 3800 aevi
2681 3739 2780 3801 sit.

561 3850 682 3914 Hic
726 3850 863 3914 sine
913 3847 1103 3913 dubio
1147 3842 1611 3924 Hertzbergius
1639 3850 1877 3908 rectum
1905 3842 2154 3918 invenit,
2200 3841 2289 3906 sic
2312 3841 2629 3922 explicans
2656 3843 2780 3909 vim

561 3958 1024 4040 conjunctionis
1068 3954 1206 4019 vel:
1272 3953 1403 4020 Nec
1448 3973 1563 4019 nos
1600 3953 1881 4032 dicimus,
1924 3951 2025 4014 vel
2065 3951 2228 4016 idem
2268 3971 2406 4018 esse
2453 3953 2618 4033 quod
2665 3951 2784 4032 ‘et',

562 4070 671 4134 sed
737 4067 1260 4148 disJunctivarum
1301 4064 1757 4145 particularum
1802 4062 2077 4126 omnium
2114 4082 2204 4144 ea,
2288 4081 2449 4144 quae
2503 4064 2786 4146 proxime

567 4162 830 4241 accedat
882 4174 1321 4254 copulativam.
1403 4172 1561 4235 Nam
1609 4190 1746 4235 cum
1796 4175 1923 4251 aut,
2000 4191 2119 4236 non
2172 4191 2356 4255 posse
2412 4174 2594 4238 simul
2648 4191 2785 4239 esse
