3082 4688
1364 256 1790 317 ...38-

645 433 850 516 Ergo:
897 453 975 500 ne
1019 455 1196 502 meus
1248 437 1497 519 quidem
1544 418 1997 503 amor-malum
2043 435 2319 518 effugiet.
2362 473 2445 483 -—
2488 436 2705 517 Atque

477 542 544 607 in
588 541 705 609 hac
750 544 1115 612 tristissima
1162 546 1400 612 defixus
1463 545 1845 627 cogitatione
1903 547 2105 627 magis
2142 546 2469 649 magisque
2511 551 2710 627 poeta

386 651 398 663 ’
478 650 845 734 effervescit,
913 673 1038 736 quo
1081 656 1344 737 propius
1390 655 1577 721 finem
1622 655 2186 737 argumentationis
2223 655 2530 737 accedit3·
2566 656 2708 737 jam

479 778 851 841 magnorum
900 762 1126 827 ducum
1175 761 1603 843 nobiliumque
1641 766 2050 844 tyrannorum
2081 761 2498 827 miserandam
2537 751 2727 827 mor-'.

479 875 624 950 tem,
687 870 820 951 Jam
865 871 1094 953 Troiae
1136 871 1621 957 Thebarumque
1661 869 1937 938 flebilem·
1989 864 2235 938 ruinam
2282 891 2422 937 cum
2465 873 2706 939 amoris

478 979 579 1045 sui
621 978 879 1045 interitu
917 988 1275 1062 comparat:
2099 999 2110 1008 ·

772 1113 983 1194 magni
1029 1132 1218 1195 saepe
1262 1113 1470 1193 duceS,
1535 1115 1748 1195 magni
1793 1112 2074 1179 cecidere
2119 1112 2389 1195 tyranni,

780 1226 846 1285 et
887 1220 1139 1286 Thebae
1184 1226 1516 1301 steterunt,
1577 1222 1833 1302 altaque
1875 1219 2069 1301 TrOJa
2111 1216 2248 1283 fuit.
2283 1253 2361 1263 —

472 1354 603 1435 ,iam
650 1374 759 1417 —-:
828 1353 1096 1418 Munera
1131 1359 1370 1435 quanta
1415 1352 1559 1418 dedi
1618 1357 1736 1417 etc.
1780 1386 1854 1397 —
1939 1352 2023 1416 Hi
2065 1370 2289 1417 versus
2325 1350 2460 1417 sine
2505 1351 2701 1416 dubio
2771 1357 2778 1361 ’
2871 1348 2877 1354 ’

480 1463 666 1544 plane
709 1462 1179 1544 interrumpunt
1222 1462 1860 1545 argumentationem,
1940 1467 2005 1526 et
2063 1479 2202 1525 cum
2243 1460 2447 1527 adhuc
2491 1480 2709 1527 rerum

482 1589 705 1637 causas
772 1571 928 1637 alias
998 1590 1075 1636 ex
1143 1571 1283 1637 aliis
1344 1576 1526 1652 aptas
1587 1576 1651 1637 et
1694 1569 2068 1636 necessitate
2113 1566 2304 1636 nexas
2347 1570 2710 1650 viderimuS,

483 1698 648 1745 nunc
705 1679 977 1745 alienum
1038 1679 1379 1762 quidquam
1436 1679 1740 1771 sequitur.
1827 1677 1971 1743 Jam
2028 1683 2174 1743 ante
2221 1677 2697 1763 Lachmannum

484 1789 602 1854 hoc
673 1788 955 1871 Scaliger
1016 1789 1288 1870 viderat,
1369 1808 1509 1855 cum
1576 1809 1633 1855 v.
1700 1794 1755 1856 9.
1820 1793 2205 1871 lOUponeret
2249 1792 2397 1854 ante
2438 1807 2497 1853 v.
2545 1794 2601 1852 7.
2645 1795 2706 1854 8.

487 1914 672 1978 quem
735 1902 989 1961 secutus
1048 1903 1145 1962 est
1213 1897 1282 1961 L.
1349 1896 1735 1971 Muellerus,
1802 1894 1924 1960 Sed
1972 1914 2050 1960 ne
2093 1895 2182 1959 sic
2225 1894 2473 1976 quidem
2522 1898 2710 1977 aptus

492 2003 763 2069 efficitur
821 2022 1075 2082 sensus;
1151 2000 1486 2084 praeterea
1548 2022 1698 2069 vero
1756 2004 2198 2069 comminuitur
2255 2005 2372 2070 hac
2416 2012 2707 2085 transpo-

485 2111 713 2176 sitione
757 2116 822 2176 et
866 2111 1165 2176 atteritur
1208 2120 1784 2190 crescenssemper
1847 2104 2330 2192 argumentandi
2376 2111 2705 2177 acerbitas

489 2257 564 2269 --
611 2222 831 2305 Neque
878 2240 1040 2288 unus
1087 2225 1335 2287 tantum
1381 2225 1492 2285 aut
1537 2219 1662 2285 duo
1706 2237 1928 2284 versus
1972 2239 2011 2285 a
2048 2239 2119 2284 re
2162 2226 2310 2286 sunt
2345 2222 2551 2303 alieni,
2593 2220 2704 2287 sed

488 2347 704 2395 omnes
772 2329 918 2395 inde
985 2349 1041 2395 a.
1113 2348 1172 2394 v.
1249 2328 1514 2394 11—16.
1594 2333 1763 2411 Quos
1824 2326 1877 2392 si
1923 2328 2182 2412 eJ‘eceris
2222 2335 2286 2395 et
2329 2350 2387 2396 v.
2439 2336 2516 2396 10
2565 2349 2709 2396 con-

480 2437 766 2519 Junxeris
801 2456 943 2503 cum
988 2455 1175 2502 versu
1226 2443 1320 2516 17,
1371 2437 1607 2519 optime
1651 2436 2005 2502 continuari
2048 2438 2501 2502 sententiarum
2549 2436 2710 2502 ordi-

491 2565 651 2625 nem,
729 2544 911 2611 facile
969 2564 1327 2626 cognosces
1410 2547 1615 2610 Poeta
1679 2545 1757 2609 ad
1817 2562 2123 2608 summam
2174 2544 2464 2623 pervenit
2508 2545 2705 2608 totius

488 2651 1072 2732 argumentationiS,
1150 2652 1230 2715 ad
1279 2652 1612 2715 maximam
1659 2650 1951 2714 fortunae
2001 2648 2507 2713 vicissitudinem.
2598 2651 2704 2715 Sic

497 2759 662 2824 enim
733 2758 943 2839 pergit
1015 2758 1148 2839 ipse
1215 2776 1423 2822 secum
1481 2757 1915 2822 considerans:
2007 2758 2093 2821 Ut
2128 2756 2367 2819 nobiles
2411 2756 2601 2820 duces
2643 2763 2708 2819 et

501 2867 750 2950 tyranni
795 2868 1094 2948 cecidere,
1139 2872 1211 2931 ut
1253 2867 1390 2948 ipsa
1433 2865 1626 2946 Troja
1669 2863 2045 2947 Thebaeque
2076 2865 2321 2930 ruinam
2353 2883 2474 2930 non
2508 2866 2703 2930 evita-

498 3113 772 3161 assentior:
810 3123 942 3158 nunc
979 3111 1131 3172 enim,
1166 3122 1278 3157 cum
1316 3108 1615 3171 accuratim,
1669 3122 1765 3172 quo
1803 3106 1951 3155 modo
1990 3108 2219 3167 singulae
2258 3108 2541 3156 sententiae
2577 3109 2711 3156 iuter

500 3224 551 3257 se
590 3208 900 3269 cohaereant,
938 3207 1363 3269 perspexerimusi,
1401 3205 1494 3252 hoc
1533 3218 1730 3266 quoque
1771 3205 2062 3253 contendere
2087 3218 2375 3268 possumuS,
2414 3219 2475 3252 ne
2512 3217 2712 3253 sensum

500 3304 702 3366 quidem
754 3303 905 3363 huJus
960 3316 1134 3350 versus
1185 3307 1357 3363 aptum
1413 3316 1539 3350 esse.
1615 3301 1811 3364 Ubique
1850 3300 1911 3349 de
1948 3316 2048 3349 una
2083 3306 2276 3350 tantum
2318 3303 2713 3351 commutatione

499 3401 698 3460 agitur:
741 3414 766 3447 e
802 3412 1042 3462 prospera
1080 3399 1129 3445 in
1171 3398 1428 3460 adversam
1470 3400 1731 3455 fortunam,
1785 3398 1877 3445 hoc
1913 3398 2133 3447 maxime
2171 3400 2401 3461 exempla
2438 3398 2616 3445 docent
2659 3399 2710 3445 in

498 3509 543 3540 v.
586 3495 616 3541 9
656 3497 707 3540 et
752 3494 832 3542 10.
898 3492 1072 3553 ltaque
1108 3490 1168 3538 de
1201 3505 1300 3537 una
1335 3495 1531 3539 tantum
1570 3496 1708 3539 rotae
1746 3495 2066 3542 conversione
2103 3494 2313 3553 cogitari
2361 3491 2564 3554 poterit,
2618 3506 2715 3553 qua

505 3602 742 3653 prospera
780 3590 980 3635 fortuna
1030 3587 1082 3633 in
1122 3586 1382 3634 adversam
1420 3591 1656 3634 mutatur.
1732 3587 1943 3636 Minime
1981 3590 2139 3648 igitur
2173 3588 2398 3647 exigitur
2431 3589 2711 3638 sententia:

502 3688 589 3731 aut
625 3683 847 3730 vinceris
885 3686 971 3729 aut
1009 3680 1199 3733 vincis;
1240 3680 1394 3726 immo
1430 3679 1522 3726 hoc
1556 3682 1660 3740 Jam
1697 3681 2026 3728 constitutum
2067 3685 2172 3729 est:
2244 3679 2468 3726 vincitur
2503 3680 2714 3743 Proper·-

499 3779 626 3838 tius,
666 3790 778 3824 cum
817 3781 962 3824 antea
999 3775 1223 3822 invictus
1262 3775 1431 3822 sumit.
1472 3774 1557 3823 Sic
1596 3775 1755 3832 igitur
1792 3787 1990 3821 versum
2016 3771 2331 3820 scribendum
2371 3787 2479 3822 esse
2500 3788 2711 3825 censeo:

892 3854 897 3860 ⁸
1024 3872 1270 3919 vinceris:
1309 3872 1526 3918 invictis
1565 3870 1687 3916 haec
1721 3871 1773 3915 in
1811 3882 1976 3915 amore
2012 3873 2191 3920 rotast.

511 3964 637 4013 Tum
676 3962 757 4010 hic
798 3965 1015 4012 efficitur
1058 3977 1260 4011 sensus:
1316 3968 1578 4011 vertuntur
1616 3976 1836 4013 amores:
1883 3967 1935 4009 tu
1977 3975 2091 4009 vero
2127 3964 2273 4011 vinci
2320 3969 2516 4013 tantum
2553 3971 2716 4026 poteS,

518 4073 631 4109 cum
686 4058 810 4107 haec
862 4071 960 4104 una
1013 4063 1147 4105 rotae
1209 4058 1466 4106 conversio
1505 4057 1573 4105 lis
1601 4057 1777 4105 relicta
1814 4057 1900 4119 sit,
1956 4058 2043 4117 qui
2082 4057 2243 4105 adhuc
2278 4060 2470 4107 invicti
2503 4060 2717 4109 fuerunt.

504 4152 864 4215 Cognoscimus
904 4152 1071 4213 igitur,
1113 4150 1255 4198 aliud
1296 4164 1357 4199 ex
1395 4151 1498 4198 alio
1539 4151 1858 4199 enuntiatum
1895 4150 2129 4212 pendere.
