3082 4688
1488 239 1905 313 ...34-...

564 440 644 495 an
682 444 881 510 usque
946 446 1046 495 me
1101 447 1218 510 pro
1263 445 1445 493 servo
1500 434 1610 494 tuo
1648 428 1947 495 habitura
1992 431 2077 495 sis
2120 463 2194 475 -
2286 429 2431 494 Jam
2476 446 2622 493 vero
2668 426 2798 508 qui

563 556 783 605 versus
844 538 958 605 hos
1030 538 1346 619 excipiunt
1385 537 1690 619 (17—40)
1755 538 1897 619 „Sic
1937 540 2136 621 igitur
2180 539 2390 621 prima
2438 543 2573 619 etc„
2618 537 2682 602 in
2720 537 2803 601 li-

563 647 694 714 bris
737 647 1026 715 omnibus
1066 647 1381 729 conjuncti
1427 646 1767 738 prioribuS,
1808 648 1852 712 ii
1894 649 1976 714 ad
2022 649 2196 714 aliud
2242 649 2497 731 penitus
2542 666 2796 713 carmen

560 756 898 839 pertinent.
944 756 1065 823 Hic
1108 756 1274 822 enim
1319 775 1530 832 secum
1576 758 1875 838 loquitur,
1921 775 2064 823 cum
2113 758 2369 824 domina
2413 776 2557 824 sese
2603 757 2798 822 inter-

567 863 753 932 ficere
802 871 1007 948 parat,
1058 871 1328 931 mortem
1390 864 1788 931 inhonestam
1851 864 2108 930 Achillis
2170 865 2456 947 exemplo
2502 870 2800 942 excusat;

564 974 783 1056 priora
827 974 910 1042 ad
956 974 1226 1040 amicum
1271 975 1606 1055 scribebat,
1674 975 1831 1041 nihil
1875 975 1953 1042 de
2000 982 2223 1055 morte,
2267 976 2444 1040 nulla
2488 974 2796 1040 fortitudo

566 1082 775 1162 animi,
819 1082 905 1147 nil
950 1082 1069 1147 nisi
1114 1082 1382 1148 miserae
1423 1081 1643 1163 reJecti
1691 1082 1923 1148 amoris
1969 1081 2325 1163 querelae.“
2393 1081 2565 1146 Dicit
2600 1081 2800 1162 igitur

564 1186 709 1253 inde
752 1205 791 1253 a
833 1206 1021 1255 versu
1071 1195 1147 1254 17
1194 1207 1392 1270 usque
1430 1187 1511 1254 ad
1546 1207 1798 1254 versum
1835 1194 1917 1254 40
1948 1206 2173 1253 novam
2209 1185 2491 1268 proferri
2531 1186 2799 1267 elegiam

569 1295 779 1378 (11,9.).
823 1296 1099 1364 Jacobus
1142 1298 1206 1364 in
1251 1316 1368 1363 sua
1411 1297 1510 1362 ed.
1557 1298 1729 1379 Lips.
1797 1303 1955 1363 1827
2001 1299 2270 1379 primam
2329 1298 2622 1363 lacunam
2668 1302 2799 1362 sta-

569 1405 692 1471 tuit
726 1412 872 1488 post
914 1425 972 1471 v.
1022 1412 1118 1489 12,
1176 1407 1446 1485 alteram
1494 1414 1641 1487 post
1684 1425 1743 1471 v.
1799 1408 1900 1486 14,·
1956 1390 2211 1473 tertiam
2256 1413 2405 1488 post
2451 1425 2509 1471 v.
2563 1409 2658 1486 16,
2703 1412 2801 1471 at-

573 1531 696 1595 que
740 1533 960 1581 versus
989 1522 1064 1582 17
1074 1521 1236 1581 —40
1282 1515 1561 1597 ejusdem
1600 1532 1789 1596 quam
1829 1516 2271 1580 antecedentes
2316 1534 2538 1593 versus
2575 1516 2801 1581 carmi-

569 1624 663 1690 nis
707 1623 982 1692 frustum
1027 1644 1165 1691 esse
1209 1630 1412 1707 putat.
1456 1662 1525 1672 —
1570 1624 1717 1690 Jam
1757 1643 1913 1690 vero
1960 1624 2405 1692 Lachmannus
2449 1625 2586 1707 ipse
2631 1645 2800 1692 com-

568 1739 926 1801 mutaverat
966 1734 1244 1817 priorem
1288 1752 1469 1801 suam
1511 1733 1891 1800 sententiam
1936 1735 2292 1816 statuitque
2337 1735 2402 1799 in
2449 1736 2655 1801 altera
2700 1736 2799 1800 ed.

570 1844 776 1910 Berol.
828 1849 985 1910 1829
1029 1840 1287 1911 lacunas
1331 1850 1475 1926 post
1517 1863 1574 1909 v.
1624 1849 1697 1908 12
1745 1849 1808 1910 et
1859 1851 1951 1924 14,
1999 1845 2099 1910 ita
2116 1850 2187 1910 ut
2231 1849 2477 1909 15-40
2508 1844 2800 1926 ejusdem

572 1959 783 2019 essent
838 1932 1098 2034 elegiae.
1185 1954 1472 2031 Quanam
1529 1971 1721 2018 causa
1784 1952 1879 2016 vir
1917 1952 1997 2018 ad
2044 1952 2205 2017 hanc
2247 1953 2435 2034 plane
2479 1953 2799 2019 diversam

569 2061 945 2128 sententiam
988 2062 1298 2127 adductus
1343 2063 1440 2139 sit,
1500 2060 1789 2140 libenter,
1846 2061 1956 2126 sed
2010 2067 2221 2126 tamen
2268 2062 2653 2142 nequiquam
2699 2081 2799 2128 re-

570 2171 803 2252 quiraS,
848 2189 989 2237 cum
1033 2169 1201 2236 nihil·
1231 2170 1309 2236 de
1353 2168 1470 2234 hac
1514 2187 1585 2234 re
1630 2169 1875 2235 dixerit.
1922 2169 2189 2258 Secutus
2237 2176 2333 2235 est
2359 2170 2519 2237 hanc
2548 2176 2799 2252 postre-

568 2298 736 2348 mam
795 2280 1182 2349 Lachmanni
1247 2279 1629 2347 sententiam
1689 2279 2007 2362 Hauptius
2051 2281 2113 2344 in
2158 2279 2254 2347 ed.
2299 2280 2679 2347 Hirzeliana.
2716 2318 2804 2327 -—-

570 2389 815 2456 Novam
876 2389 1355 2472 explicationem
1416 2387 1495 2452 H.
1555 2387 1797 2453 Keilius
1839 2390 2111 2470 protulit
2154 2390 2217 2454 in
2265 2390 2609 2456 observatt.
2657 2391 2800 2454 crit.

564 2515 710 2579 pag.
754 2503 874 2563 43:
926 2497 1087 2579 „Sed
1132 2496 1198 2561 hi
1240 2503 1413 2563 certe
1452 2516 1674 2563 versus
1722 2495 1840 2579 (sc.
1895 2497 2167 2578 12-15)
2232 2515 2356 2577 quo
2403 2499 2587 2563 modo
2633 2499 2826 2563 inter>

565 2623 634 2672 se
672 2605 1068 2686 cohaereant,
1114 2624 1237 2671 non
1280 2608 1474 2673 vides.
1518 2607 1718 2671 Positi
1762 2611 1950 2670 erant
2000 2605 2168 2670 haud
2215 2603 2402 2667 dubie
2426 2605 2594 2669 inter
2617 2626 2674 2667 υ.
2710 2606 2800 2669 14

567 2717 622 2777 et
664 2714 746 2778 15
790 2714 1030 2796 aliquot
1072 2732 1311 2794 versus,
1358 2714 1587 2794 quibus
1631 2718 1832 2777 multa
1870 2731 1907 2777 a
1952 2731 2020 2777 se
2051 2711 2519 2777 inconsiderate
2544 2719 2792 2779 tentata

564 2841 702 2890 esse
771 2822 852 2888 ad
916 2841 1194 2888 amorem
1266 2819 1572 2903 Cynthiae
1629 2818 2157 2883 reconciliandum
2205 2824 2582 2886 narraverat
2628 2818 2781 2883 Pro-

564 2928 823 3010 pertius.
870 2928 943 2992 In
987 2928 1215 3010 quibus
1260 2944 1400 2991 cum
1443 2943 1630 2991 caeca
1687 2925 1987 2989 amatoris
2033 2924 2346 3006 cupiditas
2394 2927 2789 3007 conspicere-

564 3042 688 3114 tur,
731 3033 931 3100 facilis
980 3039 1119 3100 erat
1163 3033 1468 3099 transitus
1512 3032 1593 3098 ad
1638 3051 1697 3098 v.
1739 3038 1814 3097 15
1858 3038 1923 3098 et
1970 3033 2106 3097 16.“
2161 3066 2237 3079 —-
2325 3034 2395 3098 L.
2442 3034 2787 3100 Muellerus

562 3143 625 3208 in
671 3142 767 3208 ed.
827 3143 996 3224 LipS.
1049 3147 1210 3207 1870
1275 3142 1551 3223 primum
1596 3142 1986 3223 Scaligerum
2030 3147 2284 3208 secutus
2334 3162 2388 3208 v.
2437 3148 2491 3206 7.
2538 3147 2577 3207 8
2622 3147 2781 3223 post.

563 3274 620 3321 v.
682 3260 738 3319 9.
804 3259 880 3319 10
939 3251 1286 3332 collocavit,
1384 3254 1609 3320 deinde
1673 3254 1860 3319 Keilii
1919 3255 2336 3336 comprobans
2408 3254 2788 3319 sententiam

564 3370 813 3431 tantum
856 3369 1001 3445 post
1043 3382 1102 3428 v.
1153 3368 1231 3428 14
1273 3363 1565 3429 lacunam
1628 3365 1869 3445 statuit,
1943 3367 2215 3446 denique
2276 3366 2551 3446 priorem
2598 3366 2788 3430 Lach-

565 3470 778 3535 manni
836 3469 1268 3550 conjecturam
1320 3471 1650 3552 accipienS,
1721 3472 1867 3537 inde
1925 3491 1981 3537 a.
2026 3492 2081 3538 V.
2136 3476 2210 3537 17
2258 3491 2483 3537 novam
2527 3473 2786 3554 elegiam

563 3576 791 3658 (VIIIb
827 3574 857 3658 )
902 3577 1180 3658 incipere
1217 3577 1372 3642 vult.
1423 3611 1501 3621 -
1541 3577 1664 3642 Sed
1713 3597 1791 3643 ne
1836 3579 2192 3660 integritati
2259 3579 2445 3659 hujns
2498 3581 2785 3645 carminis

563 3680 857 3749 defensor
901 3683 1168 3764 deesset,
1208 3684 1669 3765 Hertzbergius
1714 3685 1814 3749 hic
1858 3703 2109 3766 quoque
2135 3685 2473 3766 contendit,
2509 3687 2785 3768 perfecta

563 3808 701 3857 esse
735 3791 946 3858 omnia
993 3798 1056 3858 et
1114 3790 1404 3884 absoluta
1463 3797 1526 3857 et
1588 3811 1665 3857 ne
1709 3810 1906 3856 unum
1951 3792 2208 3872 quidem
2254 3810 2507 3857 versum
2550 3795 2784 3859 deside-

568 3900 714 3966 rari.
781 3902 902 3980 Qui
950 3903 1101 3984 quid
1158 3902 1499 3985 profecerit
1556 3922 1672 3967 sua
1734 3900 2112 3983 defensione,
2186 3903 2321 3984 ipse
2395 3909 2465 3968 tu
2522 3905 2778 3985 judices.

562 4010 845 4077 Primum
887 4013 1073 4092 enim,
1115 4031 1238 4093 quo
1285 4012 1468 4077 modo
1512 4012 1797 4093 singulae
1842 4012 2007 4076 inter
2045 4030 2112 4077 se
2157 4013 2511 4079 sententiae
2555 4013 2775 4079 cohae-

587 4127 789 4203 reant,
835 4139 1166 4204 quaerenS,
1202 4103 1493 4200 ¹Quaestt.
1531 4122 1718 4235 frop.
1756 4119 1963 4204 11‚§6.
2005 4140 2149 4204 pag.
2199 4129 2335 4187 117.
2380 4122 2443 4189 in
2489 4142 2545 4190 v.
2585 4129 2620 4188 7
2645 4125 2781 4188 --10
