3082 4688
1222 277 1635 339 -1-1...

321 505 454 552 sam
514 486 853 552 secundam
900 490 1146 576 partem
1204 486 1573 569 pertinent,
1629 491 1962 569 sequentes
2009 486 2137 569 (77.
2185 488 2310 569 78.)
2364 506 2540 569 repe-

324 602 467 658 tunt
512 595 753 676 primae
798 594 999 675 partis
1047 600 1523 675 argumentum:

509 703 609 768 hic
653 721 770 784 ego
817 701 944 767 dux
987 703 1289 785 milesque
1332 702 1564 769 bonus:
1609 722 1738 785 voe,
1783 704 1965 785 signa
2008 703 2324 786 tubaeque

513 814 599 880 ite
640 814 882 896 procul,
925 813 1166 896 cupidis
1211 814 1473 879 vulnera
1512 812 1675 880 ferte
1719 814 1891 880 viris.

519 922 681 990 ferte
727 930 791 989 et
835 943 1013 1005 opes:
1060 942 1176 1006 ego
1223 925 1567 1007 composito
1615 943 1875 991 securus
1919 944 2146 991 acervo

519 1024 856 1115 despiciam
906 1033 1070 1100 dites
1116 1034 1579 1117 despiciamque
1623 1032 1868 1099 famem.
1916 1069 1992 1080 —

329 1141 465 1220 Quo
526 1141 707 1207 modo
782 1161 921 1208 cum
988 1145 1175 1225 plane
1241 1151 1640 1225 perspectum
1699 1148 1764 1210 et
1821 1145 2138 1225 cognitum
2203 1141 2544 1211 habeamus

321 1257 544 1330 poetae
590 1251 917 1315 consilium
964 1252 1026 1315 in
1073 1257 1291 1316 nostro
1337 1252 1631 1333 carmine,
1676 1251 1989 1334 quaedam
2035 1251 2225 1318 etiam
2260 1251 2338 1317 de
2405 1255 2542 1318 tota

325 1359 819 1424 Tibullianorum
864 1359 1212 1424 carminum
1258 1360 1706 1441 compositione
1749 1358 2014 1425 dicenda
2057 1364 2222 1439 sunt,
2295 1359 2373 1424 de
2412 1377 2541 1439 qua

322 1487 704 1550 quamquam
771 1470 1038 1535 multum
1103 1477 1167 1535 et
1226 1489 1414 1551 saepe
1458 1470 1850 1552 disputatum
1907 1475 2006 1535 est
2049 1488 2087 1534 a
2126 1469 2280 1534 viris
2324 1469 2543 1548 doctiS,

321 1582 533 1641 tamen
581 1576 855 1641 nondum
905 1578 979 1642 ad
1027 1575 1212 1641 finem
1259 1578 1548 1659 quaestio
1591 1578 1900 1660 perducta
1945 1584 2060 1645 est.
2104 1578 2360 1643 Primus
2403 1578 2544 1643 Dis-

322 1685 533 1751 senius
599 1686 955 1752 accuratius
1022 1686 1182 1751 hanc
1252 1705 1384 1751 rem
1443 1686 1742 1752 disseruit
1809 1686 1874 1751 in
1939 1685 2331 1769 praefatione
2389 1705 2541 1752 suae

328 1794 637 1859 editionis.
702 1795 937 1859 Tamen
981 1795 1080 1860 hic
1124 1813 1372 1877 quoque
1414 1795 1494 1860 ad
1540 1796 1764 1860 miram
1809 1794 2125 1875 quandam
2165 1795 2541 1860 sententiam

334 1905 638 1986 pervenit,
695 1922 855 1985 quae
913 1905 1118 1970 nescio
1177 1925 1255 1970 an
1316 1904 1547 1970 nemini
1605 1905 1789 1971 hodie
1830 1905 2188 1970 verisimilis
2227 1894 2535 1971 videatur.

334 2049 410 2060 —
443 2014 516 2079 In
552 2033 695 2096 pag.
734 2015 896 2099 enim
927 2016 1156 2082 LXVII
1206 2017 1485 2082 Platonis
1523 2015 1828 2081 adhibens
1863 2016 2256 2097 sententiam,
2302 2017 2546 2099 justum

326 2140 579 2189 carmen
627 2140 808 2186 omne
854 2143 928 2187 ex
970 2124 1263 2205 exordio,
1307 2124 1511 2189 medio
1558 2125 1869 2205 carmine,
1915 2126 2086 2191 exitu
2134 2127 2546 2209 compositum

325 2249 462 2297 esse
507 2230 746 2312 dicit..⁴)
834 2231 1076 2297 Deinde
1120 2242 1263 2313 pag.
1312 2232 1548 2297 LXXII
1590 2232 1865 2298 medium
1926 2220 2178 2298 carmen
2226 2234 2545 2316 propriam

225 2425 234 2434 .
333 2340 642 2430 ubertatis
699 2342 910 2408 sedem
963 2349 1178 2422 vocat,
1237 2341 1425 2423 idque
1483 2362 1735 2425 semper
1789 2343 1855 2408 in
1920 2343 2272 2425 complures
2328 2351 2547 2424 partes

339 2452 601 2517 divisum
645 2471 780 2518 esse
821 2452 1004 2533 dicit,
1066 2453 1397 2533 variasque
1440 2450 1679 2534 figuras
1721 2458 2079 2534 enumerat,
2134 2452 2361 2535 quibus
2408 2460 2547 2521 uta-

339 2568 443 2627 tur
479 2569 665 2644 poeta
700 2565 762 2628 in
808 2562 1234 2629 describendis
1270 2562 1475 2627 rebus,
1551 2561 1751 2640 Quam
1788 2564 2164 2629 sententiam
2200 2582 2323 2646 quo
2363 2564 2547 2630 modo

339 2679 551 2739 nostro
588 2692 836 2755 quoque
864 2674 1124 2739 carmini
1168 2673 1592 2753 inculcaverit,
1631 2673 1765 2754 Jam
1801 2691 1994 2762 supra
2033 2674 2268 2741 dictum
2314 2679 2426 2741 est.
2465 2710 2544 2720 --

337 2784 504 2849 Talis
548 2785 682 2849 sine
727 2785 857 2850 ulla
898 2789 1207 2850 varietate
1250 2785 1598 2850 carminum
1643 2786 2026 2867 compositiO,
2068 2795 2246 2854 certe
2290 2786 2548 2868 indigna

333 2902 500 2960 esset
554 2895 782 2960 Tibulli
847 2895 1098 2977 ingenio
1156 2896 1506 2977 meritoque
1563 2897 1847 2963 taederet
1905 2915 2020 2961 nos
2078 2896 2223 2962 talis
2281 2896 2547 2976 artificii,

332 3003 387 3067 si
432 3022 501 3069 re
546 3022 700 3068 vera
751 3002 814 3067 in
875 3002 1252 3069 carminibus
1307 3004 1716 3069 inveniretur.
1802 3004 1928 3070 Suo
1980 3004 2125 3086 jure
2184 3004 2378 3086 igitur
2421 3005 2547 3070 Bu-

334 3110 653 3195 bendeyus
705 3113 987 3192 Quaestt.
1011 3112 1144 3177 Tib.
1189 3113 1386 3177 Bonn.
1436 3115 1597 3178 1864
1639 3112 1800 3177 hanc
1841 3112 2059 3194 rejecit
2097 3111 2364 3177 Dissenii
2410 3130 2548 3177 sen·
2608 3117 2613 3126 *

337 3221 617 3301 tentiam,
661 3240 806 3303 pag.
851 3227 891 3285 4
936 3220 1025 3286 sic
1069 3220 1311 3285 dicens:
1404 3218 1929 3301 „unumquodque
1965 3237 2216 3283 carmen
2240 3219 2302 3284 in
2330 3225 2547 3300 partes

333 3332 675 3397 secundum
740 3332 1085 3398 sententias
1143 3331 1354 3395 divelli
1412 3348 1629 3411 posse,
1695 3335 2178 3396 consentaneum
2245 3336 2372 3395 est:
2441 3347 2545 3395 ars
2610 3407 2616 3412 ,

335 3446 547 3505 tamen
592 3440 1059 3524 compositionis
1104 3440 1189 3504 ibi
1234 3445 1479 3521 tantum
1526 3438 1824 3518 cernitur,
1868 3437 1973 3502 ubi
2017 3437 2301 3518 singulae
2331 3442 2546 3518 partes

336 3547 630 3613 carminis
673 3548 953 3629 singulas
998 3547 1345 3613 sententias
1390 3546 1890 3627 complectentes,
1937 3545 2047 3609 tali
2093 3545 2259 3609 inter
2301 3562 2368 3609 se
2415 3544 2546 3611 vin-

335 3656 475 3720 culo
529 3657 962 3735 continentur,
1031 3661 1101 3720 ut
1164 3656 1325 3720 ratio
1370 3656 1606 3736 logica,
1670 3672 1832 3735 quae
1875 3654 2041 3719 inter
2085 3653 2365 3735 singulas
2408 3671 2548 3719 sen-

334 3767 565 3832 tentias
627 3767 992 3847 intercedit,
1072 3772 1330 3831 externo
1395 3764 1667 3847 quodam
1732 3764 1998 3846 vestigio
2066 3770 2256 3845 atque
2318 3763 2546 3829 indicio

333 3878 603 3960 perspici
648 3884 891 3960 posset:
971 3884 1161 3959 atque
1220 3878 1348 3943 tale
1391 3876 1687 3941 indicium
1734 3874 1886 3940 nihil
1932 3874 2102 3940 aliud
2142 3892 2278 3939 esse
2317 3877 2546 3957 potest,

508 4131 553 4195 ⁴)
592 4134 703 4184 Hoc
740 4133 985 4182 adductus
1025 4146 1205 4191 errore,
1244 4134 1412 4179 omnia
1451 4134 1671 4179 carmina
1709 4144 1857 4193 saepo
1895 4129 2115 4179 ridiculo
2155 4129 2304 4178 modo
2346 4130 2402 4178 in
2442 4135 2544 4179 tres

335 4233 501 4290 partes
540 4227 759 4277 divellit.

2130 4314 2170 4374 2
