3082 4688
1261 282 1673 344 -2-1...

557 466 767 530 omnia
810 483 910 530 me
952 463 1246 528 laedunt:
1295 463 1548 529 timidus
1593 483 1728 529 sum
1776 464 2053 544 (ignosce
2098 465 2340 543 timori)

561 586 625 641 et
668 577 858 640 miser
903 576 963 638 in
1011 577 1220 640 tunica
1260 576 1544 654 suspicor
1589 594 1722 638 csse
1769 576 1985 639 virum.

353 686 570 765 Pergit
613 690 833 765 poeta:
1241 665 1248 673 ⁶

520 791 621 855 his
662 790 827 870 olim,
887 796 957 855 ut
1002 787 1169 855 fama
1212 797 1325 869 est,
1366 788 1556 853 vitiis·
1587 787 1666 853 ad
1709 789 1948 869 proelia
1992 796 2243 854 ventum
2290 795 2385 854 est

350 903 454 968 his
496 901 670 966 vitiis
713 902 803 983 (in
849 920 905 967 v.
959 905 1064 966 17:
1132 899 1344 964 eadem
1380 899 1714 964 demential
1783 900 1934 965 nihil
1988 900 2156 964 aliud
2201 898 2552 980 significare

354 1015 580 1093 potest,
624 1009 775 1075 nisi:
840 1008 1069 1073 talibus
1113 1008 1375 1074 fallaciis
1420 1018 1482 1074 et
1528 1009 1916 1075 clandestino
1944 1010 2230 1090 ingressu
2276 1008 2363 1089 (id
2386 1009 2551 1089 quod

355 1119 650 1200 exemplis
692 1126 915 1200 postea
958 1106 1167 1182 allatis
1225 1117 1491 1182 dilucide
1537 1117 1847 1200 apparet).
1928 1119 2152 1199 Itaque
2195 1136 2412 1183 sensus
2458 1125 2552 1182 est

249 1296 258 1307 ,
353 1229 745 1311 sequentium
803 1246 1133 1294 versuum:
1222 1228 1351 1292 Nec
1415 1228 1548 1292 sine
1593 1247 1782 1293 causa
1825 1227 2106 1310 profecto
2150 1228 2320 1292 viros
2366 1228 2554 1292 timeo
2636 1312 2640 1317 ἢ

354 1340 509 1405 clam
566 1340 894 1415 intrantes,
972 1338 1179 1402 animo
1246 1338 1663 1415 considerans,
1737 1343 1973 1418 quanta
2031 1337 2162 1419 jam
2223 1338 2357 1403 ausi
2429 1338 2555 1402 sint

355 1455 712 1531 quantaque
755 1447 945 1513 etiam
992 1466 1155 1512 nunc
1198 1447 1491 1512 audeant.
1572 1447 1713 1513 ‚Iam
1777 1446 2208 1527 antiquissimo
2272 1454 2552 1528 tempore

351 1557 613 1622 feminas
674 1563 1039 1639 rapuerunt.
1140 1557 1441 1638 Exempla
1518 1554 1868 1622 afferuntur
1920 1556 2164 1621 Paridis
2222 1557 2348 1636 (15.
2426 1554 2553 1637 16.)

349 1663 729 1747 Eurytionis,
804 1665 910 1746 qui
983 1664 1372 1729 Deidamiam
1434 1665 1717 1730 Pirithoo
1792 1684 2014 1746 rapere
2096 1671 2357 1729 conatus
2458 1670 2553 1729 est

357 1776 484 1849 (17.
536 1773 670 1850 18.).
746 1773 983 1836 Deinde
1040 1772 1119 1836 ad
1165 1774 1479 1838 Romanos
1540 1773 1849 1839 transiens
1893 1772 2267 1838 Sabinarum
2312 1771 2555 1855 profert

365 1880 675 1961 rapinam:
721 1899 795 1945 ex
818 1899 935 1962 quo
962 1889 1090 1947 tam
1122 1883 1352 1947 malum
1382 1882 1682 1946 Romulus
1707 1883 2055 1964 exemplum
2091 1883 2279 1954 dedit.
2323 1884 2554 1951 Romae

369 1986 580 2051 omnia
624 1987 741 2052 viri
784 1988 1026 2067 audent,
1074 1996 1145 2055 ut
1188 1987 1495 2053 custodire
1537 1988 1799 2055 feminas
1839 2010 2074 2073 parum.
2104 1992 2338 2072 prosit;
2395 2010 2554 2072 quae

359 2094 479 2159 nisi
529 2102 704 2161 tanta
746 2104 890 2163 sunt
932 2100 1301 2178 constantia,
1374 2107 1609 2180 quanta
1652 2101 1918 2166 Alcestis
1960 2099 2080 2166 fuit
2123 2110 2186 2166 et
2229 2101 2556 2184 Penelope,

358 2212 422 2271 et
458 2225 584 2269 sua
618 2210 837 2290 sponte
878 2210 1230 2274 castitatem
1270 2218 1523 2275 servant
1583 2211 1674 2292 (et
1718 2229 2124 2294 quaecunque
2169 2213 2284 2277 viri
2325 2210 2557 2277 'femina

360 2313 548 2379 limen
586 2317 831 2398 amat),
896 2318 1257 2400 raptoribus
1310 2318 1463 2384 nihil
1506 2318 1773 2384 arduum
1819 2327 1916 2384 est
1957 2328 2021 2385 et
2065 2318 2314 2385 difficile
2360 2322 2545 2401 (19Μ

364 2423 505 2499 24.).
604 2426 844 2491 Felices
909 2427 1354 2507 praedicantur
1418 2426 1686 2492 feminae
1757 2428 2025 2492 Alcestis
2089 2427 2556 2509 Penelopesque

363 2532 589 2597 similes
630 2533 774 2613 (hoc
821 2535 983 2600 enim
1028 2532 1368 2616 significat:
1470 2535 1720 2599 Admeti
1758 2534 2023 2616 conjunx
2071 2541 2135 2598 et
2180 2534 2377 2599 lectus
2422 2534 2554 2600 Uli-

364 2641 486 2716 xis)
553 2644 717 2723 quod
786 2644 935 2707 nihil
1002 2644 1082 2709 ad
1149 2663 1255 2710 eas
1313 2644 1588 2726 pertinet
1631 2644 1905 2710 virorum
1951 2645 2229 2710 audacia.
2317 2645 2556 2726 Cogno-

362 2752 584 2816 scimus
612 2753 826 2834 igitur,
871 2754 947 2818 de
976 2752 1268 2818 virorum
1290 2756 1528 2850 tantum
1553 2752 1829 2818 audacia
1876 2756 2009 2835 agi3
2051 2755 2147 2820 hic
2190 2756 2411 2820 unicus
2459 2763 2555 2819 est

359 2880 652 2927 versuum
713 2882 948 2929 sensus.
1012 2863 1154 2929 Jam
1214 2863 1651 2945 intellegimus,
1728 2883 1915 2946 quam
1972 2863 2133 2930 falsa
2189 2865 2273 2929 sit
2334 2864 2558 2931 Hertz-

357 2972 560 3054 bergii
603 2974 931 3054 sententia,
969 2974 1032 3039 in
1076 2974 1192 3039 hac
1228 2982 1411 3056 parte
1455 2974 1706 3039 anxium
1748 2980 1998 3055 poetam
2046 2979 2109 3038 et
2151 2974 2318 3039 mala
2361 2993 2560 3055 augu-

367 3089 605 3148 rantem
652 3102 726 3148 ex
768 3083 1071 3148 similium
1111 3102 1458 3148 causarum
1488 3086 1956 3166 comparatione
1979 3084 2281 3149 describi:
2327 3104 2557 3166 nequa-

363 3210 548 3273 quam
614 3194 775 3258 enim
846 3195 1078 3260 similes
1123 3194 1437 3276 Propertii
1495 3193 1865 3260 conditionis
1912 3211 2139 3258 causae
2190 3192 2560 3272 afferuntur,

359 3303 469 3368 sed
514 3304 881 3386 rapinarum
926 3311 990 3369 et
1028 3302 1341 3370 furtorum
1385 3304 1688 3386 exempla.
1765 3304 1854 3369 Ut
1913 3324 1951 3369 a
1997 3304 2180 3368 Keilii
2244 3304 2556 3368 discedam

357 3411 686 3490 sententia,
757 3430 943 3493 quam
1011 3413 1277 3492 protulit
1343 3412 1382 3477 l.
1451 3430 1501 3477 c.
1569 3431 1853 3494 quaeque
1918 3431 2040 3476 non
2104 3412 2306 3477 minus
2372 3423 2560 3494 quam

358 3518 757 3600 Hertzbergii
801 3519 961 3585 falsa
997 3526 1094 3585 est
1110 3518 1180 3599 ⁷),
1247 3539 1325 3585 ne
1366 3520 1835 3587 Lachmannum
1882 3520 2131 3602 quidem
2178 3528 2416 3585 rectum
2467 3522 2557 3585 in-

360 3625 602 3692 venisse
646 3634 929 3709 apparet.
972 3628 1034 3692 Is
1074 3627 1236 3692 enim
1280 3629 1341 3693 in
1390 3628 1795 3695 adnotatione
1841 3630 1918 3694 ad
1965 3647 2213 3693 versum
2266 3634 2358 3706 15,
2422 3630 2560 3711 reji-

359 3735 527 3801 ciens
593 3735 892 3818 Scaligeri
962 3737 1353 3817 sententiam,
1422 3737 1530 3819 qui
1589 3743 1729 3804 octo
1792 3739 1996 3819 prima
2040 3736 2306 3803 disticha
2362 3755 2560 3803 remo-

391 3873 476 3880 ..-

804 3875 836 3882 -ι

535 3941 579 4007 ’)
622 3942 861 3994 Concedit
906 3946 1040 3993 enim
1097 3946 1435 4009 Hertzbergio,
1499 3947 1699 4007 singula
1761 3947 1835 3994 ita
1890 3949 2021 3995 inter
2058 3960 2109 3993 se
2161 3946 2436 4006 cohaerere,
2502 3952 2557 3995 ut

359 4033 520 4093 poeta,
560 4035 779 4093 querelis
828 4035 889 4083 de
939 4036 1242 4084 amatoribus
1295 4035 1543 4095 Cynthiae
1592 4036 1723 4084 fusis
1770 4036 1834 4083 ad
1887 4039 2113 4097 exempla
2165 4037 2332 4085 alieni
2369 4039 2562 4084 amoris

361 4136 550 4185 mayno
588 4138 702 4173 cum
737 4124 1037 4174 detrimento
1072 4125 1274 4175 turbati
1309 4130 1355 4172 et
1391 4140 1583 4182 earum,
1622 4139 1747 4189 quae
1777 4125 1932 4187 fidem
1968 4127 2302 4181 servaverint,
2361 4126 2564 4176 laudem

360 4211 616 4276 abreptus,
651 4212 985 4264 Romanarum
1019 4215 1303 4280 puellarum
1337 4215 1601 4266 levitatem
1648 4227 1760 4264 oum
1798 4215 1904 4268 illis
1940 4215 2165 4267 conferat
2201 4219 2290 4262 oto.
