3082 4688
1380 223 1627 308 ...Ϊ45
1714 278 1794 286 .-

731 426 997 490 Munera
1040 430 1278 506 quanta
1314 425 1476 506 dedi,
1518 427 1617 491 vel
1663 427 1879 508 qualia
1924 428 2204 493 carmina
2245 427 2403 494 feci!

730 534 840 599 illa
884 540 1096 601 tamen
1158 548 1478 616 nunquam
1519 534 1729 603 ferrea
1776 537 1935 602 dixit
1978 535 2175 602 ‘amo’.

729 665 882 727 ergo
919 647 1054 727 jam
1097 648 1330 711 multos
1376 646 1637 711 nimium
1685 649 2062 714 temerarius
2100 667 2317 729 annOS,

730 756 1037 838 improba,
1113 757 1222 837 qui
1266 756 1520 822 tulerim
1566 763 1756 838 teque
1804 763 2105 839 tuamque
2142 757 2413 838 domum,

730 862 1134 944 ecquandone
1177 863 1291 929 tibi
1335 862 1495 929 liber
1536 882 1676 929 sum
1710 865 1930 930 visus?
1994 884 2074 930 an
2120 884 2320 947 usque

732 972 795 1035 in
841 978 1126 1036 nostrum
1164 972 1362 1053 jacies
1405 971 1601 1038 verba
1660 972 1934 1054 superba
1984 975 2220 1056 caput?

739 1081 1029 1147 Scribant
1073 1082 1152 1146 de
1196 1087 1259 1146 te
1299 1081 1424 1161 alii,
1469 1082 1563 1147 vel
1609 1083 1695 1146 sis
1735 1082 1967 1163 ignota,
2011 1082 2255 1162 licebit;

731 1191 962 1271 laudet,
1025 1191 1131 1272 qui
1176 1190 1377 1256 sterili
1422 1191 1664 1256 semina
1704 1191 1882 1272 ponit
1919 1192 2126 1256 humo.

731 1300 958 1381 omnia,
1005 1300 1192 1366 crede
1234 1300 1404 1381 mihi,
1465 1319 1677 1366 secum
1724 1320 1848 1367 uno
1893 1319 2158 1367 munera
2200 1303 2363 1367 lecto

734 1407 982 1475 auferet
1025 1410 1291 1475 extremi
1336 1408 1576 1476 funeris
1634 1415 1777 1475 atra
1815 1410 1979 1476 dies:

735 1524 799 1583 et
842 1525 954 1584 tua
997 1519 1294 1585 transibit
1338 1526 1742 1586 contemnens
1790 1538 1934 1586 ossa
1978 1520 2206 1599 viator,

735 1646 849 1692 nec
894 1627 1060 1692 dicet
1102 1627 1276 1693 ‘cinis
1321 1625 1525 1711 hic¹³)
1570 1628 1757 1694 docta
1798 1627 2012 1708 puella
2053 1625 2212 1692 fuit.⁹

481 1739 637 1803 Cum
682 1737 746 1801 in
795 1736 1001 1817 prima
1042 1741 1227 1817 parte
1270 1743 1476 1819 poeta,
1545 1755 1668 1802 non
1714 1734 1950 1801 diutius
1987 1753 2055 1801 se
2100 1733 2411 1817 superbae
2454 1736 2704 1816 puellae

480 1865 733 1913 servum
792 1845 1075 1912 futurum
1149 1864 1286 1911 esse
1353 1845 1633 1925 dixisset,
1704 1845 1766 1909 in
1804 1844 2005 1910 altera
2050 1863 2123 1909 eo
2167 1845 2457 1927 pervenit
2496 1845 2706 1910 acerbi

482 1956 626 2036 odii,
688 1960 760 2021 ut
805 1956 995 2020 etiam
1039 1974 1275 2036 poenas
1319 1975 1387 2020 se
1431 1956 1857 2037 expetiturum
1900 1973 2037 2020 esse
2081 1955 2548 2037 pronunciaret.
2624 1957 2707 2019 Et

482 2081 755 2144 quonam
800 2064 982 2128 modo
1027 2063 1416 2128 ulciscetur?
1531 2064 1827 2129 nimirum
1872 2064 2307 2130 acerbissime:
2381 2062 2699 2142 Desinain,

482 2173 706 2258 inquit,
751 2172 1131 2238 carminibus
1177 2179 1242 2238 te
1285 2174 1627 2254 celebrare,
1672 2179 1807 2240 tum
1853 2174 2005 2255 quid
2050 2174 2129 2238 de
2172 2179 2236 2238 te
2272 2172 2401 2254 fiat,
2446 2192 2706 2254 cognos-

482 2299 602 2346 ceS.
649 2281 918 2346 Munera
959 2281 1070 2348 illa
1113 2302 1343 2364 magna
1389 2290 1454 2348 et
1498 2281 1846 2364 splendida,
1891 2299 2053 2363 quae
2100 2280 2215 2346 tibi
2258 2280 2507 2361 donavi,
2551 2281 2707 2346 nulli

484 2392 599 2459 tibi
644 2393 785 2458 usui
824 2399 1042 2474 erunt3
1089 2393 1243 2459 haec
1283 2393 1481 2458 enim:

994 2501 1241 2592 auferet
1284 2503 1549 2568 extremi
1592 2500 1831 2566 funeris
1875 2507 2019 2566 atra
2062 2500 2194 2565 dies

483 2612 593 2676 sed
639 2611 1019 2677 carminibus
1066 2619 1129 2677 te
1173 2610 1556 2677 celebratam
1596 2629 1825 2692 magna
1852 2615 2069 2675 secuta
2095 2614 2261 2675 esset
2287 2608 2491 2691 gloria
2515 2609 2704 2674 etiam

487 2723 799 2784 nfortuam
860 2724 1052 2799 atque
1111 2718 1176 2782 in
1237 2718 1514 2784 omnium
1558 2718 1880 2784 hominum
1926 2737 2094 2784 esses
2139 2737 2446 2783 sermone.
2525 2718 2706 2782 Nunc

484 2845 632 2891 vero
691 2844 926 2907 poenas
971 2826 1105 2892 lues
1151 2829 1298 2890 tuae
1342 2826 1763 2907 pertinaciae:
1824 2827 2043 2907 ignota
2087 2825 2212 2891 eris
2258 2833 2321 2891 et
2348 2831 2709 2906 contempta

402 2933 407 2936 ’
483 2943 628 3017 post
670 2942 973 3001 mortem:

826 3054 891 3113 et
935 3052 1047 3112 tua
1091 3047 1389 3113 transibit
1432 3052 1837 3111 contemnens
1880 3063 2026 3110 ossa
2067 3044 2274 3110 viator
2320 3062 2454 3126 sqq.

658 3155 854 3222 Jubet
919 3145 1115 3237 igitur
1177 3157 1390 3222 valere
1459 3157 1733 3239 puellam
1800 3173 1999 3237 parvo
2045 3153 2295 3235 quidem
2345 3153 2454 3219 sed
2500 3159 2710 3218 tamen

495 3266 855 3347 gratissimo
902 3266 1198 3347 carmine,
1268 3266 1446 3347 quus
1490 3284 1569 3330 ne
1615 3264 1820 3329 exitus
1855 3264 2107 3345 quidem
2153 3261 2553 3327 desideratur
2611 3259 2705 3342 (id

489 3377 656 3458 quod
717 3368 1157 3442 Lachmannus
1221 3376 1447 3441 statuit
1513 3376 1575 3439 in
1621 3373 1827 3456 prima
1873 3372 2312 3450 editione).,—-
2369 3371 2708 3435 ‘Nimirum

492 3505 636 3551 raro
703 3485 945 3563 accidit,
1029 3492 1102 3549 ut
1154 3490 1282 3549 tam
1329 3482 1662 3547 manifesta
1723 3486 1970 3546 exstent
2013 3485 2403 3561 argumenta,
2484 3477 2711 3558 quibus

494 3583 931 3674 conjungenda
975 3610 1112 3656 esse
1155 3589 1361 3656 frusta
1403 3590 1842 3655 demonstrare
1886 3588 2214 3670 possimus.
2300 3588 2393 3650 De
2438 3585 2712 3649 muneri-

495 3698 614 3764 bus
657 3706 721 3765 et
759 3697 1142 3764 carminibus
1185 3697 1248 3761 in
1296 3703 1568 3778 utraque
1609 3701 1792 3779 parte
1822 3703 1886 3762 et
1911 3695 2160 3776 quidem
2190 3693 2437 3759 inverso
2474 3691 2712 3771 ordine,

679 3953 739 4020 13)
778 3958 886 4005 Non
927 3972 1073 4005 causa
1112 3965 1200 4018 est,
1255 3933 1578 4020 quamobrem
1617 3956 1723 4004 cod.
1762 3954 1936 4002 Dresd.
1976 3954 2245 4002 lectionem
2288 3952 2468 4010 „baec“
2510 3952 2706 4014 praefe-

504 4068 688 4111 ramus,
725 4068 875 4115 quam
913 4057 1064 4101 etiam
1103 4054 1214 4102 cod.
1255 4054 1406 4116 Neap.
1443 4052 1606 4111 babet,
1647 4052 1738 4100 sed
1779 4052 1831 4097 in
1860 4055 2157 4098 correctura.
2199 4048 2542 4095 Lachmannus
2570 4060 2715 4108 prae-

490 4148 750 4198 ferendum
789 4162 899 4198 esse
940 4150 1089 4199 ‘haec’
1130 4149 1383 4207 censebat,
1437 4153 1700 4209 propterea
1738 4144 1868 4207 quod
1909 4150 2200 4206 sequeretur
2238 4141 2397 4190 ‘docta
2433 4143 2640 4204 puella.’
