3082 4688
1489 282 1908 344 -24—

509 438 512 441 ,
1205 412 1212 418 ’
1698 411 1718 439 Ι

585 474 848 538 repone:
890 457 954 523 Si
1000 459 1195 525 cuivis
1233 465 1465 542 nuptae
1506 461 1755 525 moilibet
1797 482 1934 529 esse
1980 465 2158 544 licet3
2205 464 2365 530 hanc
2408 466 2799 549 scripturam

580 565 814 630 habent
879 567 1279 634 membranae
1348 569 1769 636 Mentelianae
1847 578 1912 636 et
1977 573 2306 638 Palatinae
2370 592 2512 638 cum
2583 575 2799 640 codice

579 672 824 737 Heinsii
868 680 932 738 et
976 694 1098 741 uno
1143 676 1506 742 Vossiano.“
1561 714 1631 725 —-
1718 679 1958 746 Deinde
2017 681 2286 747 alteram
2331 682 2619 748 lacunam
2667 691 2798 749 sta—

583 782 706 848 tuit
765 789 912 850 ante
969 792 1034 850 et
1082 793 1227 867 post
1269 787 1580 854 distichon
1625 808 1682 854 v.
1728 795 1822 854 35
1869 809 1960 872 sq.
2005 791 2248 858 dicens:
2325 792 2443 858 hoc
2486 794 2795 860 distichon

581 894 955 972 praesertim
1001 893 1117 961 hoc
1162 896 1297 968 1000
1341 900 1615 979 positum
1657 900 1922 981 intelligi
1968 900 2139 966 nullo
2163 902 2348 968 modo
2371 910 2599 985 potest.
2645 905 2798 970 Post

583 1000 849 1064 aliorum
910 1014 1262 1069 commenta
1304 1006 1725 1088 Burmannus,
1792 1015 2044 1089 poetam
2086 1004 2194 1074 hic'
2231 1019 2376 1092 post
2419 1029 2787 1078 commemo-

580 1117 786 1177 ratam
828 1112 1254 1194 impudentiae
1293 1117 1696 1198 praecipuam
1741 1137 2012 1199 causam,
2079 1139 2113 1184 e
2157 1120 2541 1188 deverticulo
2598 1125 2794 1205 quasi,

581 1222 661 1285 ad
709 1220 1057 1288 Pudicitiae
1100 1224 1314 1289 fanum
1360 1227 1569 1291 redire
1614 1228 1907 1307 sentienS,
1949 1230 2282 1309 legendum
2328 1233 2608 1298 censuit:
2671 1232 2795 1298 Sed

580 1348 748 1392 nunc
786 1329 1185 1394 immeritum.
1274 1333 1411 1398 Hac
1456 1337 1844 1401 correctione
1889 1337 2176 1418 probata,
2222 1339 2317 1404 vir
2360 1340 2604 1419 doctuS,
2667 1344 2793 1407 dis-

578 1456 769 1518 persa
836 1439 1117 1506 membra
1188 1441 1575 1522 recolligenS‚
1635 1443 1875 1523 optima
1938 1443 2220 1524 profecto
2266 1447 2631 1528 conjectura
2674 1448 2795 1514 hoc

578 1547 887 1613 distichon
953 1554 1099 1630 post
1168 1569 1225 1614 v.
1289 1551 1369 1615 26
1414 1550 1813 1615 inserendum
1872 1557 2074 1632 putat.
2162 1552 2369 1634 Hujus
2413 1555 2788 1618 sententiam

577 1658 991 1740 ego'quoque
1050 1668 1303 1726 secutus
1358 1680 1578 1742 essem,
1648 1681 1847 1743 parva
1889 1662 2170 1727 adhibita
2217 1662 2425 1728 verbis
2473 1665 2787 1744 corruptis

580 1761 957 1836 mutatione:
1039 1767 1112 1835 Si
1173 1790 1299 1834 non
1362 1790 1394 1835 e
1448 1771 1697 1854 merite,
1764 1773 1880 1838 nisi
1925 1781 2134 1838 tamen
2178 1772 2275 1838 his
2320 1773 2606 1838 admissis
2643 1779 2790 1838 ante

578 1879 691 1944 hos
757 1899 978 1947 versus
1046 1888 1124 1948 25
1190 1902 1281 1965 sq.
1350 1890 1414 1949 et
1476 1890 1624 1965 post
1669 1901 1792 1963 eos,
1860 1884 2127 1949 maxime
2187 1889 2398 1948 autem
2443 1883 2507 1948 in
2550 1883 2789 1948 ultimis

579 1991 861 2056 distichis
919 1993 1127 2058 hiaret
1171 1995 1503 2072 sententia,
1576 1995 1764 2075 idque
1816 1994 2001 2059 fidem
2047 1994 2302 2074 faceret,
2377 1995 2455 2059 ab
2501 1994 2617 2059 hoe
2655 2013 2793 2059 car-

577 2100 743 2166 mine
788 2101 1035 2165 initium
1077 2101 1318 2182 cepisse
1362 2103 1533 2166 illam
1581 2102 1838 2180 cladem,
1908 2120 2034 2182 qua
2077 2100 2278 2164 multa
2323 2101 2603 2166 carmina
2647 2101 2792 2166 libri

578 2209 835 2273 secundi
880 2209 1234 2291 multosque
1287 2226 1519 2288 eorum,
1593 2228 1755 2291 quae
1801 2215 2062 2287 restant,
2143 2209 2484 2275 versiculos
2528 2211 2791 2291 periisse

581 2316 979 2384 manifestum
1026 2316 1165 2399 erit,
1210 2336 1349 2383 cum
1391 2336 1503 2383 nos
1549 2318 1797 2399 singula
1839 2316 1993 2397 loca,
2038 2318 2101 2382 in
2148 2319 2375 2401 quibus
2414 2324 2597 2383 erant
2630 2317 2798 2383 lacu-

584 2444 805 2490 narum
852 2427 1098 2506 indicia,
1143 2427 1460 2493 asteriscis
1498 2426 1887 2507 interpositis
1912 2427 2355 2493 notaverimus.
2408 2426 2618 2505 Quare
2647 2425 2798 2491 nihil

577 2556 876 2617 magnum
921 2538 1021 2603 hic
1064 2537 1419 2603 audendum
1467 2556 1604 2602 esse
1647 2538 2016 2619 existimavi,
2062 2556 2443 2619 quamquam
2499 2537 2798 2601 nonnulla

577 2645 655 2709 de
701 2663 814 2709 suo
875 2645 1009 2709 loco
1068 2644 1375 2724 migrasse
1418 2646 1495 2709 in.
1527 2646 1624 2709 his
1664 2644 2055 2726 fragmentiS,
2128 2663 2362 2726 negare
2406 2646 2654 2709 nolim.“
2713 2679 2790 2689 —

578 2756 651 2819 In
694 2755 896 2819 altera
940 2753 1035 2818 ed.
1078 2753 1287 2817 Berol.
1337 2758 1495 2817 1829
1557 2753 1747 2817 etiam
1793 2757 1936 2831 post
1994 2770 2051 2814 V.
2094 2757 2177 2815 40
2221 2751 2510 2815 lacunam
2551 2753 2794 2852 statuit,

578 2865 876 2929 restituta
907 2863 1187 2928 codicum
1212 2861 1507 2926 lectione:
1552 2879 1871 2942 nunquam
1895 2878 1993 2921 me
2021 2858 2222 2939 ducet,
2268 2878 2455 2940 quam
2492 2861 2553 2923 in
2580 2860 2794 2941 priore

577 2980 936 3039 mutaverat
980 2972 1073 3038 in:
1117 2987 1439 3050 nunquam
1482 2966 1743 3031 diducet.
1792 3004 1871 3012 —-
1944 2967 2088 3032 Jam
2126 2974 2274 3032 ante
2320 2967 2793 3033 Lachmannum

577 3083 695 3148 hoc
762 3082 1001 3147 fecerat
1057 3081 1331 3146 Jacobus
1398 3079 1493 3143 ed.
1547 3076 1717 3158 Lips.
1780 3081 1960 3141 1827.
2047 3075 2364 3157 Hauptius
2410 3081 2473 3140 et
2517 3076 2793 3155 reliquas

578 3194 963 3260 Lachmanni
988 3194 1244 3258 lacunas
1272 3190 1702 3271 comprobavit
1746 3194 1810 3255 et
1855 3188 2280 3270 conjecturam
2325 3188 2460 3269 ejus
2499 3184 2792 3253 ‘diducet’

579 3303 887 3384 recipiens
957 3306 1243 3366 lacunam
1305 3299 1532 3364 statuit
1591 3304 1736 3380 post
1805 3318 1859 3362 v.
1932 3301 2051 3375 40„
2137 3295 2200 3360 id
2260 3297 2427 3378 quod
2490 3296 2678 3361 etiam
2720 3294 2791 3358 L.

579 3410 922 3475 Muellerus
982 3408 1077 3474 ed.
1137 3408 1306 3489 Lips.
1371 3413 1532 3473 1870
1595 3405 1780 3486 fecit3
1855 3406 1962 3488 qui
2009 3410 2221 3469 tamen
2271 3423 2326 3469 ν.
2375 3410 2472 3470 25.
2520 3409 2600 3470 26
2647 3422 2787 3468 cum

579 3516 975 3583 antecedenti
1019 3524 1203 3598 parte
1264 3516 1602 3599 conjunxit.
1635 3552 1713 3559 —
1804 3512 2057 3578 Keilius
2116 3531 2366 3596 quoque
2430 3513 2791 3578 Observatt.

578 3625 718 3691 crit.
784 3626 847 3689 in
910 3625 1100 3707 Prop.
1172 3625 1371 3690 Bonn.
1416 3628 1606 3689 ’1843
1678 3643 1736 3706 p.
1797 3630 1878 3689 40
1930 3642 2022 3705 sq.
2067 3630 2241 3688 certe
2285 3622 2349 3686 in
2386 3640 2444 3686 v.
2491 3626 2570 3686 35
2616 3621 2793 3687 hiare

578 3735 1039 3801 sententiarum
1115 3754 1342 3800 nexum
1415 3736 1740 3801 concessit.
1808 3771 1886 3781 —-
1978 3734 2363 3798 Adversatns
2432 3739 2530 3797 est
2596 3732 2794 3799 Lach-

577 3865 806 3912 manno
850 3847 1111 3928 aliisque
1155 3847 1307 3913 viris
1356 3843 1808 3930 Hertaberqius
1869 3846 1932 3909 in
1979 3845 2426 3910 commentario
2471 3844 2568 3909 ad.
2614 3845 2792 3926 Eleg.

576 3958 657 4038 II,
700 3958 825 4038 VL,
872 3958 1032 4024 hanc
1076 3957 1373 4024 exhibens
1419 3958 1616 4022 totius
1657 3956 1952 4022 carminis
1997 3954 2509 4036 dispositionem:
2581 3953 2795 4018 Prima

575 4087 726 4151 pars
786 4069 1050 4152 (1—22)
1116 4068 1414 4135 facillima
1470 4068 1794 4135 intellectu
1857 4074 1984 4146 est;
2073 4065 2399 4147 tripartita
2444 4064 2608 4130 enim
2655 4063 2791 4145 ejus

575 4198 797 4266 divisio
826 4189 1014 4281 (ὄτρ.
1081 4203 1278 4278 1-8;
1326 4176 1491 4256 ἀντ.
1566 4199 1772 4262 9-14
1792 4215 1807 4275 3
1877 4186 2110 4255 ἐπωὸ.
2194 4176 2461 4256 15—22)
2537 4174 2788 4239 anxium
