3082 4688
1247 321 1664 385 ...11-

354 509 568 574 oblata
613 528 750 574 esse
793 507 1087 572 videtur?
1188 507 1282 571 Ne
1318 525 1567 573 versum
1614 506 1864 588 quidem
1909 508 1990 570 26
2034 511 2204 571 recte
2246 505 2565 572 intellexe-

354 624 503 683 runt
565 619 963 699 interpretes.
1049 614 1425 681 Ribbeckius
1485 615 1975 696 interpretatur:
2041 632 2304 693 „vacare
2346 612 2427 678 ab
2469 613 2565 677 iti-

356 722 667 793 neribUS.“
758 725 881 790 Sed
928 743 1234 805 quaenam
1281 724 1408 788 sint
1466 723 1574 788 illa
1618 723 1879 802 itinera,
1973 722 2258 803 equidem
2308 738 2430 785 non
2473 719 2566 785 in-

356 836 617 916 tellege,
682 854 822 900 cum
869 835 946 901 de
992 835 1127 899 sola
1170 853 1240 898 re
1285 833 1521 899 rustica
1564 839 1754 914 poeta
1790 832 1997 898 adhuc
2033 832 2310 896 -locutus
2354 831 2440 896 sit
2500 835 2566 895 et

360 946 513 1011 haec
574 945 906 1011 verborum
955 945 1283 1026 explicatio
1324 962 1588 1025 prorsus
1631 963 1669 1008 a
1712 943 2161 1008 sententiarum
2228 960 2390 1006 nexu
2459 939 2567 1006 ab·

359 1053 634 1118 horreat.
732 1052 1040 1117 Nimirum
1087 1053 1223 1118 viae
1267 1054 1492 1134 longae
1535 1053 1686 1117 nihil
1730 1052 1901 1116 aliud
1948 1058 2112 1131 sunt,
2158 1051 2274 1116 nisi
2325 1049 2566 1131 „quoti-

360 1163 529 1228 diani
573 1164 634 1228 in
680 1182 905 1244 agrum
952 1165 1280 1245 egressus“
1333 1161 1560 1245 quibus
1605 1162 1771 1243 quod
1815 1161 2119 1226 liberatus
2185 1160 2267 1225 sit
2333 1159 2567 1241 gaudet

362 1278 550 1354 poeta
602 1278 666 1336 et
710 1272 1001 1337 exsultat.
1088 1272 1408 1336 Aestatem
1451 1289 1603 1335 vero
1647 1267 1990 1335 ferventem
2055 1269 2172 1333 hac
2226 1274 2408 1350 parte
2467 1266 2569 1332 de-

363 1379 570 1460 scribi,
616 1379 755 1460 quis
804 1384 994 1459 neget
1037 1396 1255 1443 versus
1301 1384 1400 1443 27.
1460 1384 1525 1443 et
1569 1382 1668 1445 28.
1716 1379 1961 1458 legens:

383 1478 385 1480 ’
702 1486 809 1552 sed
857 1488 1027 1553 canis
1072 1488 1344 1552 aestivos
1389 1494 1568 1553 ortus
1612 1488 1814 1552 vitare
1857 1485 1975 1551 sub
2020 1486 2245 1551 umbra

704 1598 951 1663 arboris
1015 1599 1093 1663 ad
1141 1599 1308 1662 rivos
1348 1597 1814 1679 praetereuntis
1860 1597 2109 1678 aquae?

377 1711 498 1775 Sed
549 1729 625 1774 ne
668 1709 785 1774 hoc
829 1708 1079 1790 quidem
1126 1710 1408 1790 tempore
1439 1714 1640 1773 totum
1680 1708 1909 1797 seotio
1946 1709 2098 1771 dare
2134 1707 2311 1772 licet:
2359 1706 2570 1771 biden-

375 1826 488 1899 tes,
523 1819 733 1898 bOVQS,
776 1838 978 1901 agnae
1015 1837 1306 1899 magnam
1340 1817 1578 1883 rustico
1614 1835 1828 1882 curam
1863 1815 2149 1895 afferunt,
2195 1835 2572 1898 quamquam

381 1931 575 1995 multo
634 1930 876 2010 gratior
935 1936 1031 1993 est
1076 1936 1139 1992 et
1182 1929 1378 1992 levior
1422 1927 1521 1993 hic
1566 1926 1761 2007 labor,
1821 1946 2005 2008 quam
2066 1945 2250 2008 quem
2295 1928 2357 1991 in
2402 1928 2573 2008 agris

378 2040 541 2119 tulit,
600 2038 1019 2120 describitque
1068 2057 1209 2102 eum
1257 2038 1699 2119 pulcherrimis
1754 2037 2037 2102 versibus
2083 2043 2362 2103 29—32:

665 2167 778 2213 nec
823 2154 1033 2212 tamen
1082 2146 1395 2211 interdum
1440 2146 1675 2228 pudeat
1721 2147 1994 2210 tenuisse
2038 2144 2323 2210 bidentes

666 2263 778 2321 aut
822 2255 1075 2320 stimulo
1118 2248 1336 2319 tardos
1383 2254 1772 2334 increpuisse
1813 2253 2026 2330 boveS‚

666 2367 806 2432 Non
854 2385 1159 2447 agnamve
1204 2366 1343 2429 sinu
1388 2366 1602 2445 pigeat
1645 2363 1920 2427 fetumve
1967 2362 2242 2443 capellae

661 2477 979 2542 desertum
1024 2474 1218 2540 oblita
1262 2482 1464 2538 matre
1505 2472 1744 2537 referre
1787 2474 2060 2537 domum.

372 2592 530 2673 Quid
603 2610 765 2655 nunc
834 2590 943 2655 fiet
1005 2591 1082 2655 de
1126 2589 1448 2654 Ribbeckii
1488 2589 1816 2668 sententia,
1890 2588 1995 2669 qui
2057 2606 2276 2652 versus
2321 2590 2573 2650 29--34

370 2703 579 2783 posuit
654 2708 798 2783 post
877 2720 936 2765 v.
998 2707 1052 2765 7.
1116 2706 1213 2778 8.;
1307 2700 1765 2765 consarcinavit
1827 2700 2023 2781 igitur
2093 2698 2339 2761 initium
2410 2696 2576 2759 veris

372 2810 808 2891 descriptionis
853 2829 993 2875 cum
1036 2811 1243 2875 media
1278 2816 1460 2891 parte
1492 2830 1526 2874 e
1565 2809 1857 2875 continua
1895 2810 2121 2875 aetatis
2162 2808 2575 2888 descriptione

373 2919 637 2983 divulsa.
726 2919 948 2984 Nescio
1014 2937 1093 2982 an
1158 2918 1388 2981 nemini
1447 2918 1564 2983 hoc
1600 2918 1731 2999 jam
1779 2916 2102 2998 probabile
2139 2916 2447 2979 videatur.
2495 2950 2570 2959 -·

375 3028 615 3093 Deinde
661 3027 943 3093 versibus
990 3033 1089 3093 33.
1136 3033 1232 3093 34.
1276 3026 1446 3093 fures
1493 3029 1797 3110 luposque
1822 3026 2128 3104 obsecrat,
2173 3045 2249 3088 ne
2278 3025 2570 3089 damnum

374 3138 600 3219 exiguo
644 3157 760 3203 suo
803 3139 1014 3220 pecori
1060 3136 1358 3203 afferant:

802 3246 879 3311 de
923 3265 1152 3328 magno
1212 3253 1307 3311 est
1351 3244 1590 3327 praeda
1632 3243 1902 3325 petenda.
1947 3262 2156 3322 grege.

376 3354 720 3433 Sequentcs
789 3372 1008 3419 versus
1063 3359 1160 3419 35.
1207 3359 1305 3419 36.
1351 3353 1682 3417 maximam
1722 3350 2078 3416 offensionis
2129 3369 2343 3415 ansam
2391 3349 2577 3414 dede-

378 3471 526 3528 runt
585 3471 848 3545 propter
913 3470 1121 3529 varias
1178 3483 1418 3528 causas.
1506 3462 1785 3526 Primum
1845 3462 2004 3525 enim
2079 3461 2337 3525 voculae
2398 3459 2570 3537 „hic“

376 3573 890 3654 significationem
937 3595 1057 3639 non
1106 3583 1276 3639 recte
1321 3574 1765 3638 intellexerunt
1810 3573 1927 3635 viri
1971 3572 2154 3648 docti,
2198 3589 2576 3651 quamquam

378 3682 553 3746 vario
592 3687 657 3745 et
697 3701 886 3763 saepe
931 3684 1091 3747 miro
1152 3682 1335 3746 modo
1380 3700 1515 3746 eam
1564 3681 1873 3762 explicare
1917 3680 2315 3743 studuerunt.
2390 3678 2578 3758 Equi-

386 3792 524 3855 dem
570 3810 801 3872 omneS,
864 3811 1026 3874 quae
1072 3791 1275 3856 adhuc
1312 3792 1516 3856 dictae
1559 3798 1722 3870 sunt,
1779 3790 2142 3867 sententiaS‚
2184 3788 2579 3870 ,rejiciendas

766 3956 875 3964 ———

380 4049 715 4109 plurimorum
753 4048 994 4096 librorum
1034 4047 1382 4094 auctoritatem
1425 4045 1605 4093 leviter
1643 4057 1874 4106 spernere
1911 4044 2042 4103 livet,
2095 4055 2252 4104 neque
2304 4046 2405 4089 tem
2465 4044 2580 4101 epte

383 4157 532 4207 quam
589 4143 864 4193 secundum
920 4147 1139 4189 nostram
1196 4140 1497 4188 sententiam
1554 4155 1600 4188 v.
1644 4140 1706 4185 29
1759 4136 1891 4197 „Nec
1929 4141 2097 4184 tamen
2135 4134 2423 4184 interdum“
2458 4134 2579 4182 sub-

375 4242 606 4301 jungitur
639 4241 869 4288 versibus
916 4236 1346 4288 antecedentibus.
