3082 4688
1472 284 1886 347 ...30-

592 480 731 528 mus
775 464 1216 545 conjecturam,
1256 482 1567 545 nunquam
1613 462 1881 546 diducet,
1925 466 2054 529 sive
2097 464 2191 548 (id
2235 465 2400 547 quod
2436 485 2553 546 ego
2597 486 2773 549 prac-

584 569 746 652 fero)
792 570 1076 637 codicum
1122 572 1440 655 sequimur
1484 574 1949 640 auctoritatem.

745 678 888 745 Jam
948 678 1147 759 facile,
1210 680 1315 763 qui
1346 762 1349 767 Ι
1379 699 1597 746 versus
1640 700 1803 748 nunc
1859 682 2241 765 adjungendi
2278 682 2421 764 sint,
2481 692 2774 764 apparet:

579 794 929 870 sequuntur
969 808 1027 852 v.
1072 789 1181 852 25.
1225 787 1321 852 26
1362 808 1518 871 quos
1575 790 1726 855 nihil
1779 790 1860 855 ad
1905 809 1961 855 v.
2011 793 2210 854 1-24
2253 790 2583 871 pertinere,
2643 789 2774 871 ,iam

578 915 773 978 supra
830 896 1172 963 docuimus.
1261 897 1378 962 Hic
1462 916 1609 963 vero
1679 897 1912 980 optime
1993 897 2379 963 collocantur
2445 896 2778 979 pergitque

578 1012 795 1089 poeta:
865 1004 1222 1085 Pudereste
1266 1026 1517 1073 necesse
1561 1015 1673 1087 est,
1740 1006 2022 1089 Cynthia,
2080 1025 2222 1071 nam
2284 1006 2400 1072 hac
2451 1006 2529 1072 de
2588 1026 2779 1073 causa

571 1118 701 1199 jam
744 1117 969 1199 puellis
1013 1118 1211 1184 nostri
1250 1118 1519 1200 majores
1567 1115 1923 1183 Pudicitiae
1965 1117 2197 1198 templa
2238 1123 2632 1183 statuerunt:

871 1225 1107 1307 templa
1146 1225 1493 1290 Pudicitiae
1529 1225 1678 1307 quid
1723 1245 1879 1308 opus
1924 1226 2219 1290 statuisse
2261 1224 2504 1306 puelliS,

869 1335 919 1399 si
964 1335 1160 1401 cuivis
1204 1341 1436 1414 nuptae
1478 1335 1779 1415 quidlibet
1821 1354 1957 1400 esse
2001 1335 2191 1400 licet?

578 1441 714 1507 Non
761 1460 916 1523 opus
962 1448 1058 1507 est
1096 1460 1296 1523 neque
1334 1440 1714 1507 Broukhusii
1745 1443 1899 1507 satis
1921 1443 2127 1507 audax
2152 1441 2538 1508 emendatio:
2573 1444 2778 1507 cuivis

578 1551 775 1616 nurui
817 1570 1018 1632 neque
1078 1552 1491 1617 Lachmanni:
1564 1551 1809 1616 cuilibet
1852 1571 1988 1616 esse
2030 1551 2183 1616 licet.
2268 1553 2406 1616 Non
2452 1553 2614 1618 enim
2658 1554 2769 1620 boc

577 1681 766 1728 curae
802 1670 898 1727 est
934 1662 1262 1743 Propertio
1290 1662 1375 1743 (id
1402 1663 1567 1744 quod
1612 1661 2007 1727 Lachmanno
2052 1661 2407 1744 videbatur)
2467 1671 2541 1728 ut
2583 1671 2767 1752 nupta

578 1770 640 1834 in
684 1768 1010 1851 conjugem
1051 1776 1280 1851 peccet,
1316 1770 1585 1835 amatori
1622 1777 1829 1835 autem
1876 1768 2075 1835 fidelis
2110 1770 2208 1835 sit.
2289 1770 2486 1837 Immo
2519 1790 2769 1838 uxorem

577 1888 824 1963 poetam
868 1881 1194 1964 Cynthiam
1231 1882 1569 1961 nominare,
1607 1882 1790 1948 modo
1833 1883 1966 1963 ipse
2003 1883 2188 1947 dixit:

910 2008 1155 2070 semper
1200 1990 1401 2056 amica
1453 1990 1620 2070 mibi,
1675 2008 1922 2071 semper
1983 1996 2047 2055 et
2090 2009 2245 2054 uxor
2284 1991 2439 2055 eris:

578 2100 791 2181 itaque
814 2097 1160 2181 Cynthiam‚
1203 2098 1349 2163 licet
1384 2099 1708 2180 illegitimo
1751 2117 1965 2164 amore
2008 2119 2146 2164 cum
2173 2119 2248 2164 ea
2275 2102 2644 2182 conjunctus
2678 2104 2777 2181 sit,

577 2219 786 2276 tamen
862 2214 933 2273 ut
978 2208 1214 2291 justam
1273 2226 1529 2273 uxorem
1576 2209 1931 2290 alloquitur.
1979 2243 2055 2253 -—-
2144 2208 2285 2274 Jam
2332 2214 2780 2293 cognoscimuS‚

576 2317 726 2383 nihil
771 2316 1114 2383 desiderari
1159 2323 1304 2382 ante
1349 2334 1569 2382 versus
1618 2316 1892 2398 „templa
1932 2317 2315 2384 Pudicitiae“
2366 2338 2498 2403 sqq.
2545 2328 2609 2388 et
2653 2320 2775 2388 for-

578 2434 745 2493 tasse
809 2429 1016 2509 aptius
1082 2446 1244 2493 nunc
1311 2427 1501 2492 etiam
1567 2446 1619 2491 v,
1664 2431 1761 2492 35.
1820 2432 1900 2492 36
1944 2435 2283 2509 sequentur
2300 2426 2371 2507 ⁹).
2458 2429 2657 2495 Poeta
2700 2429 2778 2494 ad

577 2540 859 2604 ultimam
893 2546 1135 2620 partem
1181 2538 1352 2603 venit
1393 2537 1759 2633 pudicitiam
1805 2538 2114 2603 disserens
2173 2538 2576 2602 feminarum:
2656 2540 2776 2603 Sed

581 2646 728 2727 quid
774 2665 812 2710 a
856 2653 935 2723 te,
980 2645 1266 2728 Cynthia,
1309 2655 1633 2726 posco,.ut
1674 2646 1909 2728 pudeat
1954 2660 2013 2710 te
2057 2646 2313 2725 peccati,
2359 2645 2504 2724 quid
2544 2648 2778 2727 templa

579 2773 992 2821 commemoro
1037 2755 1462 2820 Pudicitiae?:
1510 2755 1625 2819 hac
1668 2755 1803 2834 ipsa
1846 2755 1922 2818 de
1948 2771 2136 2816 cansa
2165 2759 2343 2816 tanta
2380 2753 2494 2816 viri
2524 2753 2775 2832 audent,

576 2864 742 2947 quod
812 2863 1073 2930 feminas
1138 2863 1499 2946 puellasque
1571 2860 1878 2925 Pudicitia
1943 2859 2240 2923 deseruit.
2326 2858 2567 2922 Relicta
2629 2865 2775 2923 sunt

466 3023 473 3031 .
579 2977 813 3059 templa
883 2976 1038 3041 deae
1107 2983 1170 3041 et
1226 2976 1355 3057 J'am
1400 2972 1667 3037 libenter
1713 2978 1776 3036 et
1819 2990 1933 3036 sua
1977 2974 2197 3052 sponte
2242 2987 2454 3034 omnes
2496 2976 2774 3051 peccant,

581 3104 702 3150 non
750 3104 788 3149 a
830 3084 982 3149 viris
1027 3089 1312 3148 coactae:

957 3194 1077 3259 Sed
1116 3212 1237 3258 non
1282 3190 1594 3256 immerito
1638 3190 1869 3255 velavit
1912 3207 2142 3254 aranea
2187 3184 2430 3255 fanum

959 3309 1024 3367 et
1067 3301 1235 3366 mala
1278 3300 1562 3365 desertos
1608 3305 1871 3381 occupat
1914 3297 2109 3384 herba
2150 3299 2317 3365 deoS.

581 3417 646 3477 et
685 3428 952 3492 quanam
998 3411 1075 3476 de
1118 3429 1307 3476 causa
1355 3428 1512 3489 „non
1562 3408 1870 3474 immerito
1896 3407 1963 3470 ?“

954 3519 1128 3599 Quae
1177 3537 1398 3585 manus
1439 3518 1742 3584 obscenas
1787 3524 1903 3584 etc.
1953 3551 2028 3563 —-

757 3719 797 3789 ⁹)
835 3722 1030 3782 Quibus
1084 3738 1160 3769 vv.
1215 3728 1346 3770 certo
1402 3723 1573 3771 nullus
1628 3727 1704 3771 est
1754 3723 1894 3771 locus
1945 3728 2063 3785 post
2114 3737 2156 3768 v.
2199 3724 2294 3780 34;
2355 3725 2456 3768 tota
2494 3721 2628 3768 onim
2664 3735 2777 3782 pars

586 3823 791 3868 27—34
831 3819 1152 3869 concluditur
1185 3818 1452 3881 aptissime
1491 3832 1543 3867 v,
1580 3822 1664 3869 33.
1708 3820 1789 3866 34.
1829 3824 1879 3866 et
1913 3815 2148 3877 languida
2183 3817 2240 3864 nt
2260 3821 2311 3865 ot
2337 3817 2546 3866 obscura
2566 3830 2778 3878 sequeu-

586 3917 740 3963 tibus.
811 3914 1072 3964 Praeterea
1131 3926 1246 3961 vero
1298 3914 1341 3961 si
1410 3911 1505 3961 huc
1560 3927 1731 3961 versus
1784 3914 2069 3967 inserimus,
2117 3924 2428 3974 nequaqnam
2466 3912 2777 3971 Hortzbergli

587 4011 900 4062 emendatio:
968 4010 1054 4061 aed
1087 4026 1226 4061 nunc
1263 4011 1515 4060 immerito
1553 4023 1679 4072 opus
1716 4015 1805 4069 est,
1845 4022 1992 4072 quam
2030 4014 2085 4057 ut
2122 4022 2271 4069 supra
2311 4008 2551 4069 vidimus,
2610 4017 2781 4057 contra

578 4110 803 4156 omnium
856 4107 1099 4156 librorum
1150 4107 1504 4155 auctoritatem
1559 4103 1788 4166 protulit.
1863 4102 2006 4150 Nihil
2046 4101 2339 4152 mutandum
2391 4106 2468 4151 est
2502 4101 2561 4151 de
2600 4103 2777 4163 verbis,

585 4215 711 4267 qua·
746 4204 985 4266 corrupta
1017 4213 1127 4251 aas·
1162 4199 1511 4250 Lachmannu·
1548 4212 1744 4262 quoquo
1780 4197 2050 4251 contendit.
