3082 4688
1456 302 1866 369 ...26-

559 502 715 553 sum.
801 486 1077 553 Primum
1123 487 1285 553 enim
1332 487 1592 570 (idquod
1634 488 1769 570 ipse
1814 487 2271 567 animadvertit,
2381 507 2759 572 quamquam

559 599 732 664 vario
800 599 983 664 modo
1046 605 1293 681 poetam
1354 617 1654 665 excusare
1712 598 1952 681 studet)
2007 601 2071 665 in
2123 600 2240 665 hac
2284 605 2419 665 tota
2463 600 2757 666 carminis

559 708 963 791 dispositione
1007 726 1129 773 non
1173 709 1613 791 procedentem
1657 710 1938 775 videmus
1982 711 2434 775 sententiarum
2474 710 2756 776 ordinem

560 836 760 899 neque
805 819 885 884 ad
922 820 1161 901 Justum
1206 817 1390 884 finem
1435 820 1919 902 pervenientem,
1960 820 2069 885 sed
2113 820 2178 884 in
2222 820 2436 886 eodem
2482 820 2616 885 fere
2660 841 2760 886 ar-

560 934 855 1009 gumento
900 930 1188 994 vertitur.
1265 929 1502 994 Deinde
1545 947 1695 995 vero
1739 930 1908 1011 ipsas
1952 929 2230 1011 singulas
2273 935 2494 1011 partes
2533 922 2762 995 Hertz-

558 1039 842 1120 bergium
906 1057 1165 1120 prorsus
1230 1057 1352 1103 non
1412 1039 1791 1105 intellexisse
1849 1045 2037 1122 atque
2097 1037 2335 1105 frustra
2403 1041 2657 1107 lacunas
2726 1061 2765 1107 a

559 1147 954 1212 Lachmanno
1010 1152 1281 1212 statutas
1340 1165 1572 1226 negare
1614 1146 1946 1226 studuisse,
2014 1165 2089 1211 ex
2132 1155 2428 1212 accurata
2463 1148 2761 1213 sententi-

560 1273 738 1320 arum
809 1256 1305 1321 consideratione
1373 1255 1722 1337 apparebit.
1809 1254 2043 1333 Quodsi
2104 1254 2387 1321 confiteri
2445 1257 2763 1339 debemuS,

560 1365 839 1430 diversas
884 1365 1177 1430 carminis
1219 1371 1435 1446 partes
1480 1367 1645 1430 inter
1690 1383 1756 1430 se
1803 1384 1992 1430 nexas
2034 1384 2154 1431 non
2186 1384 2339 1446 esse,
2384 1367 2534 1448 quid
2572 1368 2758 1449 longe

560 1473 924 1539 arcessitam
980 1473 1076 1537 vel
1118 1473 1326 1554 potius
1383 1471 1606 1538 falsam
1648 1474 2118 1554 explicationem
2163 1474 2595 1555 praeferamus
2630 1477 2758 1558 jus-

558 1590 680 1664 tae,
731 1601 1016 1666 quaeque
1074 1602 1142 1648 re
1201 1584 1337 1665 ipsa
1382 1584 1591 1648 oblata
1635 1584 2155 1667 essegvideatur‘?
2242 1585 2376 1649 Hoc
2425 1593 2521 1650 est
2567 1588 2753 1651 inter-

559 1693 809 1758 mittere
844 1693 977 1758 veri
1022 1692 1372 1773 vestigandi
1416 1692 1710 1772 studium,
1755 1692 1931 1774 cujus
1968 1691 2404 1757 Lachmannus
2437 1694 2748 1774 praeclare

560 1803 720 1867 viam
765 1803 1045 1883 munivit,
1125 1803 1384 1884 siquae
1430 1805 1600 1868 nullo
1643 1803 1826 1868 modo
1870 1803 2160 1886 conjungi
2199 1811 2480 1884 possunt,
2551 1812 2751 1869 tamen

558 1913 778 1994 quavis
838 1914 1081 1978 ratione
1135 1914 1570 1979 consarcinare
1604 1913 1917 1979 volumus,
2003 1915 2087 1979 Et
2130 1922 2299 1979 certe
2336 1914 2509 1995 justo
2555 1916 2761 1980 acrius

558 2022 1038 2102 Hertzbergium
1100 2022 1215 2088 hoc
1265 2022 1504 2103 fecisse,
1574 2024 1734 2088 etin
1782 2024 1896 2089 hoc
1942 2031 2005 2088 et
2049 2025 2111 2090 in
2157 2025 2312 2102 aliis,
2379 2042 2540 2105 quae
2583 2025 2762 2091 nobis

559 2128 890 2193 tractanda
957 2128 1413 2209 proposuimuS,
1497 2130 1894 2208 carminibuS,
1962 2149 2339 2211 cognoscere
2405 2132 2633 2198 licebit.
2679 2172 2757 2181 —

556 2238 771 2318 Longe
834 2237 957 2301 alia
1025 2244 1120 2301 est
1184 2253 1323 2300 mea
1386 2237 1704 2303 sententia
1774 2244 1837 2303 et
1902 2237 2273 2303 dissentiens
2336 2238 2414 2304 ab
2473 2241 2761 2306 omnibus

558 2349 1019 2430 interpretibus,
1094 2348 1386 2430 Singulas
1430 2347 1595 2413 enim
1630 2349 1867 2431 elegiae
1889 2355 2105 2431 partes
2127 2350 2534 2431 perlustrans,
2578 2350 2757 2416 facile

557 2460 864 2542 perspexi,
925 2460 1250 2525 continuas
1307 2459 1649 2524 sententias
1711 2459 1986 2528 divulsas
2045 2477 2213 2538 esse;
2282 2478 2437 2541 quas
2480 2461 2531 2524 si
2590 2469 2760 2526 recte

559 2569 920 2649 conJungaS,
979 2573 1192 2646 aptum
1241 2564 1400 2640 effici
1446 2566 1618 2646 illud,
1677 2567 1842 2647 quod
1886 2565 2077 2632 fuerit
2121 2574 2309 2631 antea
2352 2557 2638 2632 diffluens
2684 2588 2758 2634 ac

559 2677 844 2742 solutum.
906 2675 1089 2739 Hunc
1132 2675 1327 2755 igitur
1368 2693 1593 2739 nexum
1637 2674 1827 2739 habes
1873 2693 2163 2739 versuum
2208 2678 2441 2738 1—24:

723 2780 1172 2865 Animadverti,
1236 2780 1518 2861 Cynthia,
1590 2785 1770 2845 tanta
1795 2786 1858 2845 te
1891 2780 2232 2845 alienorum
2264 2780 2541 2844 virorum
2568 2781 2753 2845 turba

453 2939 456 2944 ·
555 2891 947 2972 circumdari,
1017 2896 1253 2973 quanta
1317 2890 1487 2953 nulla
1546 2888 1809 2953 antehac
1865 2888 2099 2954 'femina
2157 2889 2542 2955 circumdata
2601 2888 2748 2954 fuit:

556 3000 791 3084 (1—8.)
2151 3001 2154 3006 ’

849 3138 1015 3221 ‘quin
1053 3138 1239 3204 etiam
1278 3135 1466 3203 falsos
1509 3133 1692 3215 fingis
1742 3134 1854 3198 tibi
1898 3152 2083 3214 saepe
2125 3134 2525 3217 propinquos’

849 3248 1062 3314 oscula
1107 3266 1217 3313 nec
1261 3247 1504 3325 desunt,
1566 3244 1672 3324 qui
1719 3243 1830 3308 tibi
1866 3242 2012 3324 jure
2046 3241 2267 3309 ferant.
2312 3279 2391 3288 —

555 3383 677 3448 Sed
746 3389 816 3448 ut
876 3385 943 3444 tu
992 3383 1142 3446 levis
1181 3400 1265 3461 eS,
1328 3400 1440 3445 nec
1483 3387 1720 3463 quanta
1753 3379 2033 3462 pericula
2077 3379 2333 3467 instent,
2396 3378 2753 3461 suspicariS,

555 3493 644 3556 sic
689 3508 794 3576 eqo
831 3491 1056 3555 mirum
1101 3496 1402 3571 quantum
1445 3507 1634 3555 caveo
1680 3508 1718 3553 a
1764 3496 1895 3554 toto
1938 3508 2170 3570 genere
2212 3488 2585 3554 masculino:
2787 3475 2790 3479 ’

816 3647 913 3693 me
950 3630 1248 3710 Juvenum
1293 3628 1502 3709 pictae
1547 3626 1755 3707 facieS,
1798 3646 1897 3695 me
1939 3630 2192 3694 nomina
2237 3626 2494 3692 laedunt

811 3757 910 3804 me
954 3746 1131 3804 tener
1175 3739 1237 3803 in
1284 3739 1460 3803 cunis
1507 3744 1571 3803 et
1616 3739 1747 3803 sine
1791 3758 1943 3804 voce
1986 3758 2164 3820 puer.

552 3851 712 3930 Quin
758 3853 981 3917 etiarn:
1037 3869 1134 3915 me
1179 3851 1370 3915 laedit
1413 3849 1465 3914 si
1510 3850 1708 3913 multa
1754 3849 1866 3913 tibi
1904 3848 2077 3912 dedit
2120 3847 2332 3913 oscula
2375 3852 2577 3913 mater

803 3982 901 4027 me
945 3980 1125 4026 soror
1170 3967 1231 4027 et
1275 3980 1413 4026 cum
1459 3978 1620 4041 quae
1665 3959 1889 4023 dormit
1929 3957 2128 4023 amica
2170 3957 2372 4022 simul.

556 4105 863 4166 namtum
911 4119 1175 4181 quoque,
1228 4120 1305 4164 ne
1348 4098 1462 4164 sub
1523 4095 1809 4163 muliebri
1847 4101 2023 4161 veste
2067 4095 2163 4159 vir
2204 4113 2272 4160 se
2316 4094 2751 4172 insinuaverit,

559 4225 811 4275 Vereor:
