3082 4688
1266 290 1693 352 -43—

364 467 519 533 duas
563 485 684 547 reS‚
743 465 1070 549 significat,
1132 471 1188 531 et
1245 487 1395 535 vero
1449 469 1847 550 simpliciter:
1925 484 2062 533 esse
2096 467 2298 547 simul,
2369 466 2472 530 vel
2510 466 2573 531 in

363 575 568 641 medio
613 575 907 656 positum,
951 593 1074 640 non
1121 576 1351 641 debere
1396 576 1653 658 quidem
1698 576 1882 640 simul
1925 593 2079 654 esse,
2123 575 2233 639 sed
2266 592 2454 656 posse
2497 573 2590 640 ita

367 682 656 764 cogitari,
723 682 972 748 indicat.
1059 684 1222 748 Hinc
1281 703 1320 748 a
1377 683 1712 765 copulandi
1751 683 2084 764 particulis
2129 682 2355 764 exiguo
2402 701 2591 765 saepe

368 789 731 855 discrimine
773 788 1039 856 differt.“
1082 826 1160 836 —
1207 792 1281 856 In
1325 792 1529 857 altera
1576 790 1669 856 ed.
1705 791 2147 856 Lachmannus
2184 792 2320 873 ipse
2347 793 2592 872 respuit

368 897 529 962 hanc
587 898 935 978 lectionem,
1004 898 1104 961 vel
1146 899 1508 965 restituens,
1596 900 1837 965 Deinde
1898 900 1961 963 in
2006 900 2212 980 prima
2274 898 2367 964 ed.
2414 919 2470 966 v.
2514 903 2589 966 13

369 1007 654 1088 scripsit:
743 1005 917 1092 Eryo
985 1027 1093 1092 eyo
1164 1014 1230 1073 et
1294 1028 1349 1074 v.
1422 1012 1498 1073 14
1543 1018 1687 1090 post
1730 1006 2022 1073 ‘domum’
2067 1008 2588 1088 interrogationis

372 1117 621 1198 signum
680 1118 908 1200 posuit,
985 1118 1150 1183 hunc
1201 1137 1451 1184 versum
1514 1137 1656 1184 cum
1698 1118 2106 1200 sequentibus
2161 1118 2583 1200 conjungens3

372 1229 434 1293 in
479 1229 684 1294 altera
727 1228 824 1294 ed.
870 1228 962 1312 <id
1009 1229 1175 1310 quod
1225 1230 1358 1311 J‘am
1420 1236 1569 1295 ante
1628 1247 1770 1294 eum
1816 1226 2091 1294 ‚Iacobus
2136 1227 2403 1308 fecerat)
2450 1233 2595 1310 post

372 1334 661 1402 ‘domum’
727 1354 971 1402 comma
1031 1342 1276 1402 tantum
1335 1337 1548 1417 posuit
1605 1338 2022 1418 lacunamque
2080 1336 2308 1402 statuit
2350 1342 2496 1417 post
2538 1355 2594 1401 v,

379 1451 488 1525 143
555 1463 743 1526 quam
788 1444 1356 1527 interpunctionem
1403 1465 1619 1512 omnes
1658 1447 1934 1512 editores
1980 1452 2377 1526 acceperunt.
2449 1446 2596 1511 Sen-

372 1573 510 1620 sum
555 1554 778 1620 horum
825 1575 1123 1621 versuum
1165 1557 1478 1638 quomodo
1526 1561 1591 1621 et
1633 1555 2073 1621 Lachmannus
2117 1561 2183 1620 et
2205 1554 2310 1619 alii
2339 1573 2593 1638 accepe-

371 1661 516 1741 rint,
557 1662 688 1742 jam
741 1661 804 1727 in
850 1662 1028 1728 initio
1075 1664 1619 1728 commentationis
1664 1663 1949 1740 diximus,
1994 1669 2148 1744 quot
2193 1663 2595 1744 interpretes,

370 1776 469 1835 tot
511 1769 644 1836 fere
687 1771 1032 1837 sententias
1076 1772 1487 1836 invenientes.
1537 1808 1612 1818 -—
1670 1772 2014 1838 Videamus
2050 1790 2235 1852 nunc,
2275 1791 2422 1837 num
2470 1773 2595 1839 alio

374 1875 639 1942 forsitan
704 1877 889 1943 modo
962 1877 1360 1961 proficiamus
1419 1880 1679 1961 aliquid,
1715 1880 1778 1945 in
1822 1880 2008 1962 hujus
2050 1879 2236 1946 frusti
2283 1881 2593 1963 interpre-
2656 1874 2664 1882 ’

375 1985 646 2064 tatione3
690 1986 807 2052 hoc
851 1986 1018 2052 enim
1062 1988 1115 2053 si
1160 1987 1339 2054 nobis
1383 1988 1737 2070 contigerit,
1781 1995 2021 2070 quanta
2057 1996 2122 2055 et
2153 2007 2342 2070 quam
2372 1990 2595 2070 gravia

374 2094 519 2158 inde
563 2100 927 2175 sequantur,
974 2096 1190 2160 statim
1237 2095 1602 2161 videbimus.
1663 2097 1946 2162 Primum
1990 2098 2188 2180 igitur
2234 2097 2324 2163 sic
2372 2115 2595 2163 versus

372 2204 735 2270 scribendos
778 2222 917 2268 esse
962 2222 1221 2269 censeo:

619 2328 884 2376 munera
928 2318 1167 2392 quanta
1212 2305 1376 2391 dedi,
1421 2311 1520 2378 vel
1566 2311 1780 2394 qualia
1823 2312 2103 2379 carmina
2144 2311 2297 2379 feci!

632 2419 743 2484 illa
784 2427 997 2485 tamen
1043 2439 1359 2502 nunquam
1408 2420 1618 2486 ferrea
1663 2421 1820 2485 dixit
1863 2418 2060 2486 ‘amo'.

628 2549 776 2614 erqo
806 2530 1056 2614 jam¹²)
1101 2532 1334 2597 multos
1378 2528 1637 2596 nimium
1683 2531 2058 2596 temerarius
2095 2549 2311 2611 annoS,

625 2639 931 2720 improba,
992 2641 1099 2721 qui
1147 2639 1399 2704 tulerim
1445 2646 1634 2720 teque
1679 2645 1993 2719 tuamque·
2022 2639 2294 2717 domum,

623 2750 997 2830 aquandone
1045 2749 1159 2813 tibi
1205 2749 1364 2815 liber
1408 2768 1546 2814 sum
1595 2748 1810 2815 visus?
1856 2767 1937 2814 an
1982 2766 2182 2829 usque

624 2859 689 2922 in
733 2866 1017 2925 nostrum
1054 2861 1252 2941 jacies
1296 2860 1491 2926 verba
1535 2858 1813 2941 superba
1849 2859 2087 2940 caput?

377 2968 540 3031 Num
587 2967 869 3051 profecto
915 2988 1039 3035 non
1079 2973 1291 3054 justus
1336 2989 1558 3036 sensus
1602 2969 1888 3036 versibus
1934 2969 2023 3035 sic
2066 2968 2398 3050 descriptis
2425 2967 2594 3033 elici-

376 3075 580 3140 endus
624 3077 792 3143 erit‘?
839 3097 1212 3160 semperque
1256 3079 1552 3161 Sphingis
1598 3077 1889 3159 aenigma
1932 3077 2050 3143 hoc
2080 3075 2351 3142 frustum
2385 3094 2595 3142 mane-

384 3180 528 3246 bit?
610 3182 751 3248 Non
807 3190 935 3248 tam
996 3187 1286 3251 celeriter
1336 3187 1414 3252 de
1458 3188 1664 3252 salute
1715 3187 2119 3267 desperemus
2164 3191 2228 3251 et
2268 3186 2322 3249 si
2364 3183 2596 3265 aliquid

380 3296 589 3354 tamen
638 3290 1055 3375 proficiamuS‚
1099 3313 1414 3360 conemur.
1460 3294 1767 3375 Equidem
1793 3293 1959 3359 hunc
1983 3311 2121 3359 esse
2142 3292 2598 3357 sententiarum

381 3400 665 3465 ordinem
708 3402 1026 3468 existimo:
1074 3405 1406 3484 (Irascitur
1439 3404 1809 3485 Propertius
1852 3403 2160 3485 puellae):
2205 3403 2598 3483 Quamquam

378 3513 475 3573 tot
517 3528 780 3574 munera
845 3510 959 3576 tibi
1001 3510 1248 3592 donavi,
1321 3517 1417 3577 tot
1462 3511 1847 3577 carminibus
1887 3518 1951 3576 te
1989 3510 2317 3590 celebravi,
2384 3514 2598 3575 tamen

387 3633 704 3702 nunquam
765 3619 1011 3686 dixisti:
1082 3640 1222 3686 amo
1285 3627 1366 3686 te.
1452 3623 1624 3702 Ergo
1660 3621 1750 3703 (id
1796 3626 1893 3686 est
1930 3620 2097 3701 quod
2135 3637 2455 3700 nunquam
2499 3637 2601 3683 me

380 3728 697 3809 amavisti)
733 3729 867 3810 jam
914 3730 1144 3795 multos
1188 3747 1384 3794 annos
1430 3729 1690 3794 nimium
1736 3727 2111 3794 temerarius
2154 3724 2261 3806 fui,
2334 3725 2443 3806 qui
2485 3723 2600 3790 tibi

384 3843 655 3918 tuaeque
691 3838 875 3904 domo
919 3839 1242 3906 servirem.
1289 3841 1371 3905 Et
1414 3857 1529 3921 per
1571 3838 1690 3905 hoc
1725 3838 1981 3919 longum
2007 3842 2254 3918 tempus
2277 3835 2601 3902 servitutis

562 4080 626 4147 ¹²)
666 4087 806 4136 Hanc
844 4090 979 4136 enini
1021 4091 1287 4140 lectionem
1326 4105 1497 4140 omnes
1559 4090 1799 4140 exhibent
1838 4090 1960 4138 libri
1999 4090 2119 4149 Mas,
2180 4103 2279 4138 uno
2317 4089 2469 4140 Gron.
2511 4105 2602 4140 ex-

378 4190 541 4244 cepto,
581 4183 668 4246 qui
707 4183 882 4234 habet:
922 4187 1047 4234 tam.
