3082 4688
1441 318 1860 379 ...16-

735 507 891 571 quos
945 492 1092 558 tulit
1136 494 1395 576 antiquo
1439 498 1691 565 condita
1734 503 1955 566 messis
2003 523 2156 573 avo:

727 618 925 681 parva
968 620 1148 684 seges
1187 604 1342 670 satis
1387 612 1502 687 est,
1545 609 1701 675 satis
1745 617 1840 677 est
1885 616 2281 696 requiescere
2341 621 2503 688 lecto
2548 620 2553 623 ’

740 711 793 775 si
838 711 986 777 licet
1028 720 1092 779 et
1136 715 1320 780 solito
1367 717 1647 784 membra
1690 721 1904 787 levare
1949 728 2110 791 toro.

518 834 599 899 Et
650 854 726 900 ne
770 836 921 917 quid
963 838 1125 904 desit
1164 839 1441 922 imagini,
1486 846 1893 925 sequentibus
1939 851 2223 918 versibus
2271 836 2589 938 (45-48)
2619 859 2747 923 hie-

518 945 643 1006 mis
678 946 912 1027 gaudia
948 950 1406 1035 describuntur,
1452 973 1577 1020 non
1622 958 1865 1024 minora
1907 958 2040 1026 fere
2076 981 2262 1044 quam
2307 969 2489 1049 veriS,
2536 979 2745 1038 aesta-

522 1055 634 1134 tis,
695 1058 1036 1122 auctumni.
1124 1059 1265 1125 Jam
1310 1062 1456 1128 licet
1501 1071 1704 1131 totum
1760 1086 1826 1132 se
1871 1069 2024 1134 dare
2075 1073 2202 1137 otio
2258 1074 2742 1161 domesticisque

527 1167 1105 1249 commodidatibuS‚
1151 1171 1297 1237 licet
1340 1173 1503 1238 vires
1550 1177 1846 1258 colligere
1891 1199 2089 1262 usque
2132 1183 2212 1246 ad
2256 1184 2590 1253 redeuntes
2635 1212 2739 1256 ve-

520 1275 608 1340 ris
652 1275 916 1363 labores.
1004 1278 1309 1345 Audimus
1354 1283 1770 1350 exsultantem
1817 1293 2066 1369 poetam
2111 1290 2206 1356 his
2249 1292 2566 1359 versibus:

765 1402 952 1466 quam
990 1386 1175 1467 Juvat
1218 1389 1467 1456 inmites
1513 1400 1732 1457 ventos
1777 1395 1997 1461 audire
2041 1397 2376 1465 cubantem

769 1500 832 1557 et
878 1495 1191 1559 dominam
1236 1502 1453 1564 tenero
1499 1499 1841 1567 detinuisse
1886 1504 2059 1582 sinu,

772 1610 883 1669 aut
925 1605 1165 1685 gelidas
1209 1606 1508 1674 hibernus
1553 1629 1750 1692 aquas
1795 1632 1935 1678 cum
1980 1613 2215 1681 fuderit
2258 1625 2490 1699 auster,

769 1730 1353 1782 securum-somnos
1398 1719 1597 1784 imbre
1637 1721 1903 1801 juvante
1950 1725 2148 1805 sequi.

518 1834 612 1898 En
657 1834 853 1900 habes
897 1835 1241 1918 perfectam
1275 1847 1351 1927 ¹et
1393 1841 1740 1908 absolutam
1786 1847 2124 1929 imaginem
2172 1852 2447 1917 omnium
2492 1859 2732 1935 tempo-

517 1962 656 2007 rum
710 1946 855 2008 anni
916 1955 981 2014 et
1025 1967 1325 2014 amoenae
1383 1951 1551 2015 vitae
1606 1952 1897 2032 rusticae,
1958 1974 2143 2037 quam
2204 1959 2368 2038 quod
2439 1950 2766 2026 deserere

519 2054 794 2120 noluerit
837 2055 1153 2137 Tibullus,
1214 2078 1395 2123 nemo
1440 2061 1593 2125 vitio
1650 2062 1705 2126 ei
1750 2070 1985 2143 vertet3
2058 2064 2250 2131 habes
2297 2067 2482 2130 simul
2537 2070 2725 2132 etiam

515 2166 783 2248 primam
829 2185 1120 2249 magnam
1159 2169 1354 2233 totius
1387 2165 1680 2235 carminis
1715 2181 1979 2254 partem,
2021 2192 2207 2254 quam
2244 2176 2722 2257 claudit‘poeta‚

459 2330 464 2335 t
517 2296 731 2341 omnes
775 2292 993 2360 preces
1040 2286 1103 2343 et
1147 2286 1294 2344 vota
1335 2281 1883 2364 comprehendens,
1929 2285 2215 2351 versibus
2257 2290 2337 2351 49
2384 2294 2448 2352 et
2495 2294 2607 2353 50:

833 2390 949 2456 boc
993 2391 1143 2455 mibi
1187 2392 1540 2473 contingat:
1587 2393 1670 2458 sit
1709 2395 1881 2459 dives
1919 2395 2083 2476 jure,
2123 2395 2402 2462 furorem

832 2500 937 2581 qui
983 2501 1174 2565 maris
1221 2506 1285 2565 et
1327 2502 1541 2567 tristes
1586 2487 1754 2567 ferre
1797 2509 2007 2585 potest
2051 2505 2314 2586 pluviaS,

515 2623 621 2703 qui
667 2642 885 2689 versus
923 2624 1157 2705 optime
1200 2627 1580 2705 respondent
1608 2646 1663 2690 v.
1704 2632 1738 2691 5
1777 2635 1839 2691 et
1870 2633 1923 2705 6,
1968 2630 2193 2709 quibus
2223 2629 2303 2694 ad
2327 2631 2494 2693 vitae
2538 2630 2726 2693 rusti-

513 2750 623 2796 cae
667 2733 1147 2813 descriptionem
1192 2735 1501 2798 transitus
1546 2734 1631 2798 fit.

681 2857 1071 2939 Quamquam
1117 2856 1346 2921 desinit
1394 2856 1492 2922 hic
1534 2857 1812 2921 virorum
1859 2857 2184 2923 doctorum
2236 2880 2447 2938 error,
2506 2871 2716 2930 tamen

513 2964 591 3029 de
663 2965 867 3027 altera
932 2983 1170 3045 quoque
1228 2962 1457 3048 elegiae
1509 2968 1702 3047 parte
1763 2984 1965 3046 pauca
2034 2966 2182 3031 mihi
2244 2969 2452 3036 dicere
2515 2972 2723 3051 liceat,

514 3090 674 3152 quae
744 3077 950 3136 exstat
1018 3072 1160 3137 inde
1224 3091 1261 3135 a
1320 3092 1378 3136 v.
1452 3079 1523 3137 51
1599 3091 1795 3154 usque
1853 3073 1932 3139 ad
1992 3094 2048 3139 V.
2111 3081 2209 3141 74.
2271 3113 2325 3123 --
2377 3079 2723 3162 Postquam

513 3182 718 3263 prima
762 3188 946 3262 parte
987 3188 1208 3263 poeta,
1268 3201 1389 3247 non
1428 3202 1680 3249 causam
1725 3183 2100 3265 sebabere,
2168 3204 2367 3267 quare
2409 3209 2535 3255 non
2578 3209 2723 3257 con-

512 3296 724 3356 tentus
762 3308 877 3355 sua
923 3290 1052 3354 vita
1093 3289 1343 3354 divitias
1387 3292 1814 3373 conquireret,
1877 3296 2180 3375 exposuit,
2241 3316 2405 3364 nunc
2451 3300 2715 3364 alteram

518 3399 974 3479 maximamque
1041 3396 1226 3463 affert
1291 3416 1577 3477 causam,
1632 3407 1850 3483 ‘quare
1915 3404 2223 3470 Messalae
2284 3408 2713 3471 invitationem

512 3527 633 3572 non
680 3508 977 3588 accipiat:
1021 3508 1260 3573 Taedet
1303 3528 1418 3589 me,
1468 3512 1688 3592 inquit,
1735 3511 2058 3595 bellorum,
2106 3533 2246 3579 cum
2290 3515 2551 3579 vinculis
2597 3515 2717 3579 De-

510 3617 632 3681 liae
677 3621 914 3680 tenear.
1002 3615 1332 3681 Transitus
1378 3616 1450 3681 fit
1494 3618 1574 3682 ad
1618 3619 1777 3686 hanc
1821 3629 2064 3702 partem
2114 3643 2167 3686 ν.
2212 3629 2308 3687 51.
2357 3628 2474 3687 52.-

721 3762 757 3809 ο
803 3750 1107 3826 quantum
1152 3752 1250 3810 est
1293 3747 1431 3810 auri
1477 3754 1696 3828 pereat
1738 3751 2071 3831 potiusque
2114 3751 2451 3832 smaragdi,

718 3872 907 3936 quam
953 3853 1102 3920 fleat
1144 3854 1222 3920 ob
1270 3862 1517 3921 nostras
1565 3858 1692 3922 ulla
1735 3859 1945 3939 puella
1989 3860 2138 3924 vias.
2184 3894 2265 3907 —

512 3986 699 4052 Certe
743 3987 1164 4070 pulcherrima
1207 3987 1364 4053 haec
1418 4008 1568 4070 pars
1615 3996 1742 4070 est,
1799 3992 2030 4073 quippe
2088 4010 2212 4073 qua
2261 3994 2461 4059 solum
2509 3996 2723 4061 Deliae

511 4118 791 4164 amorem
837 4105 1024 4180 poeta
1069 4099 1363 4164 celebret.
1409 4135 1484 4145 —
1531 4099 1860 4165 Clauditur
1905 4107 2105 4167 totum
2162 4122 2413 4169 carmen
2465 4105 2723 4185 ‘iocosis-

507 4210 681 4273 simis
733 4209 1017 4274 versibus
1067 4213 1376 4287 75—78,
1420 4228 1684 4290 quorum
1733 4209 1855 4273 (luo
1902 4210 2142 4292 priores
2190 4216 2312 4292 (75.
2362 4214 2468 4291 713)
2515 4211 2594 4276 ad
2632 4212 2718 4293 ip-
