3082 4688
1388 386 1805 447 „50-

376 628 386 635 .
490 563 766 648 hardyus
830 566 890 632 in
950 568 1094 635 hist.
1148 569 1268 635 litt.
1312 569 1486 635 Rom.
1544 573 1607 632 et
1650 567 1719 632 L.
1762 567 2104 632 Muellerus
2148 564 2344 648 praef.
2381 566 2460 632 ad
2502 567 2696 648 Prop.

488 676 805 756 pag.·X11.
850 677 905 742 A
949 678 1176 758 quibus
1233 677 1384 743 viris
1448 678 1634 759 longe
1682 695 1800 757 ego
1840 675 2171 741 dissentio:
2208 752 2211 753 ⁷
2251 674 2316 741 Si
2360 676 2510 757 quid
2547 676 2697 757 jure

487 784 796 866 conjicere
839 786 1004 866 licet,
1047 790 1218 851 certe
1261 784 1651 867 probabilior
1687 783 1979 850 videatur
2021 784 2351 863 sententia,
2393 801 2692 865 magnam

484 892 548 957 in
593 893 770 958 libris
826 893 889 958 II
948 898 1012 959 et
1055 894 1148 958 III
1194 893 1740 976 perturbationem
1787 894 1847 958 in
1894 893 2072 958 libris
2117 893 2364 975 demum
2397 893 2548 957 Mss,
2592 912 2692 957 ex-

485 1005 692 1066 ortam
774 1007 966 1083 atque
1056 980 1279 1067 dehinc
1360 1007 1775 1084 propagatam
1851 1021 2004 1083 esse,
2085 1002 2251 1084 quod
2316 1020 2388 1066 eo
2450 1001 2696 1067 facilius

484 1108 831 1175 existimari
874 1113 1135 1191 poterit,
1205 1128 1347 1175 cum
1412 1111 1562 1176 nulli
1609 1111 1852 1177 codices
1912 1130 2073 1177 saec.
2118 1111 2258 1177 XV.
2300 1111 2547 1193 priores
2591 1130 2694 1176 ex-

484 1222 673 1281 stent.
756 1218 829 1282 In
884 1236 1112 1300 magno
1171 1237 1321 1284 vero
1379 1219 1782 1301 praecedenti
1838 1220 2230 1302 interspatio‚
2312 1227 2580 1302 quantas
2623 1228 2693 1285 tu

488 1327 878 1406 corruptelas
920 1326 1059 1393 fieri
1101 1328 1381 1410 potuisse
1424 1327 1790 1393 existimas?
1833 1328 1928 1393 De
1975 1328 2234 1410 reliquis
2271 1328 2448 1394 libris
2493 1328 2582 1393 IV
2629 1335 2695 1393 et

486 1433 540 1497 V
583 1433 731 1514 quid
768 1435 1169 1500 statuendum
1214 1435 1314 1515 sit,
1360 1433 1668 1500 difficilius
1715 1441 1812 1501 est
1855 1437 2045 1516 dictu,
2092 1444 2156 1504 et
2193 1457 2272 1503 ne
2304 1437 2406 1502 hic
2441 1436 2693 1518 quidem

484 1559 730 1607 omnem
766 1543 897 1625 jam
934 1543 1214 1609 laborem
1261 1543 1617 1609 absolutum
1677 1563 1815 1609 esse
1859 1543 2237 1626 confirmem,
2310 1562 2694 1626 quamquam

483 1657 549 1716 et
613 1650 1123 1733 Eschenburgius
1184 1653 1248 1717 in
1307 1653 1648 1719 observatt.
1682 1653 1877 1718 critic.
1919 1653 1983 1718 in
2026 1653 2213 1734 Prop.
2261 1653 2457 1718 Bonn.
2521 1658 2682 1718 1865)

483 1768 548 1827 et
588 1762 1023 1846 Liitjobannus
1067 1763 1477 1830 Commentat.
1523 1765 1711 1846 Prop.
1749 1765 1871 1828 Kil.
1917 1769 2075 1829 1869
2107 1765 2413 1846 optimum
2434 1763 2697 1847 hujusce

483 1871 577 1936 rei
636 1871 883 1937 initium
951 1870 1254 1938 fecerunt.
1300 1909 1368 1918 —
1454 1872 1635 1937 Nunc
1704 1891 1873 1954 vei-0,
1951 1873 2006 1938 si
2066 1890 2340 1955 quanam
2403 1871 2692 1937 foliorum

482 1981 930 2047 dilaceratione
998 1989 1110 2047 aut
1178 1982 1668 2064 transpositione
1728 1988 2013 2048 nostrum
2071 2001 2323 2048 carmen
2381 1983 2695 2052 divulsum

483 2089 587 2170 sit,
630 2090 1004 2172 interrogaS‚
1048 2090 1102 2154 si
1146 2109 1437 2155 versuum
1482 2074 2010 2171 computationem
2059 2090 2158 2155 hic
2203 2109 2473 2173 quoque,
2531 2092 2695 2156 utin

483 2199 756 2263 carmine
798 2198 879 2280 ΙΙ,
916 2204 951 2263 6
985 2217 1031 2264 a·
1067 2217 1167 2263 me
1209 2198 1432 2279 poscis,
1476 2197 1594 2263 hac
1628 2199 1691 2262 in
1738 2216 1808 2263 re
1852 2216 1950 2262 me
1994 2198 2108 2263 tibi
2145 2196 2510 2263 satisfacere
2564 2216 2692 2262 non

482 2327 689 2392 posse,
731 2309 1000 2376 libenter
1044 2309 1377 2377 confiteor:
1425 2308 1654 2375 nimiae
1691 2309 1854 2373 enim
1904 2317 2052 2374 sunt
2085 2316 2150 2375 et
2171 2307 2552 2376 insanabiles
2586 2309 2691 2375 ad—

483 2421 606 2486 huc
654 2422 1049 2503 corruptelae
1091 2422 1153 2486 in
1200 2420 1580 2485 carminibus
1625 2419 2157 2485 antecedentibus

652 2532 794 2596 Jam
840 2532 916 2596 ad
962 2530 1148 2596 finem
1206 2532 1470 2612 perveni
1513 2532 1968 2613 quaestionum,
2047 2530 2273 2611 quibus
2318 2530 2694 2596 adumbrare

481 2648 728 2725 tantum
774 2648 837 2708 et
879 2642 1102 2707 leviter
1146 2641 1502 2723 significare
1538 2643 1718 2724 potui
1743 2643 1804 2706 in
1835 2642 2115 2707 diversas
2143 2646 2378 2724 partes,
2424 2646 2697 2723 quantae

480 2746 889 2813 difficultates
933 2748 997 2813 in
1042 2755 1311 2830 utroque
1354 2750 1665 2831 scriptore
1724 2749 2139 2815 removendae
2177 2755 2404 2830 essent,
2477 2750 2695 2830 quanti

480 2859 670 2924 etiam
718 2876 970 2924 errores
1008 2856 1333 2923 refellendi
1376 2857 1852 2922 accuratissima
1912 2858 2256 2922 carminum
2302 2859 2693 2923 tractatione.

481 2968 562 3032 Et
607 2974 776 3032 certe
821 2986 947 3032 non
991 2967 1231 3048 indigni
1289 2974 1436 3031 sunt
1480 2966 1838 3047 scriptores,
1896 2984 2164 3047 quorum
2203 2967 2437 3047 ingenii
2481 2967 2695 3031 ludum

481 3080 669 3159 plane
714 3097 1182 3161 cognoscamuS‚
1226 3096 1491 3159 quorum
1516 3078 1796 3143 carmina
1830 3078 1882 3143 si
1918 3079 2244 3159 inquinata
2272 3078 2551 3142 videmus
2589 3083 2702 3141 aut

478 3208 676 3270 prava
736 3190 1021 3255 codicum
1091 3189 1446 3256 conditione
1517 3195 1630 3253 aut
1704 3197 1843 3253 arte
1917 3189 2136 3253 critica
2193 3189 2356 3254 male
2403 3188 2705 3265 adhibila,

479 3301 822 3366 liberemus
860 3300 1027 3366 omni
1071 3301 1364 3382 squalore
1409 3305 1472 3365 et
1496 3300 1614 3365 hoc
1644 3299 1912 3380 quidem,
1956 3300 2122 3380 quod
2155 3318 2278 3364 non
2309 3297 2445 3363 fieri
2474 3307 2702 3379 potest,

483 3412 879 3491 refellamus3
927 3419 1061 3477 tum
1107 3411 1274 3493 quod
1318 3411 1452 3493 ipse
1492 3410 1778 3475 Tibullus
1822 3410 1900 3474 de
1942 3409 2150 3474 libello
2183 3427 2296 3474 suo
2340 3408 2699 3489 dixit,'cu1n

478 3524 910 3606 pulcherrime
961 3528 1331 3588 exornatum
1378 3522 1664 3586 Neaerae
1697 3539 1850 3586 suae
1895 3521 2121 3585 donum
2155 3520 2441 3586 mitteret
2476 3519 2701 3600 (Pieri-

482 3634 591 3697 des
638 3631 865 3713 orat.):

812 3743 907 3808 ite
945 3742 1196 3806 domum
1243 3741 1611 3822 cultumque
1655 3741 1743 3805 illi
1786 3740 2017 3807 donate
2059 3741 2336 3807 libellum

818 3854 983 3917 sicut
1034 3853 1190 3918 erit:
1250 3853 1459 3917 nullus
1504 3850 1741 3918 defluat
1783 3852 1926 3917 inde
1968 3854 2140 3917 color

476 3968 553 4031 de
595 3961 862 4045 singulis
905 3968 1236 4042 poetarum
1300 3960 1515 4043 elegiis
1561 3960 1937 4052 praedicare
1983 3960 2211 4027 licebit.

1125 4268 1947 4317 -m--wQ—--w
1993 4288 2012 4295 ·
