<?xml version="1.0" encoding="UTF-8"?>
<!DOCTYPE html PUBLIC "-//W3C//DTD XHTML 1.0 Transitional//EN"
    "http://www.w3.org/TR/xhtml1/DTD/xhtml1-transitional.dtd">
<html xmlns="http://www.w3.org/1999/xhtml" xml:lang="en" lang="en">
 <head>
  <title>
</title>
<meta http-equiv="Content-Type" content="text/html;charset=utf-8" />
  <meta name='ocr-system' content='tesseract 3.04.00' />
  <meta name='ocr-capabilities' content='ocr_page ocr_carea ocr_par ocr_line ocrx_word'/>
</head>
<body>
  <div class='ocr_page' id='page_1' title='image "./quaestionestibu00dietgoog_0012.png"; bbox 0 0 3082 4688; ppageno 0'>
   <div class='ocr_carea' id='block_1_1' title="bbox 1364 301 1849 363">
    <p class='ocr_par' dir='ltr' id='par_1_1' title="bbox 1364 301 1849 363">
     <span class='ocr_line' id='line_1_1' title="bbox 1364 301 1849 363; baseline -0.004 0"><span class='ocrx_word' id='word_1_1' title='bbox 1364 301 1849 363; x_wconf 86' lang='lat'>—4-.</span> 
     </span>
    </p>
   </div>
   <div class='ocr_carea' id='block_1_2' title="bbox 439 478 2674 4282">
    <p class='ocr_par' dir='ltr' id='par_1_2' title="bbox 439 478 2674 4282">
     <span class='ocr_line' id='line_1_2' title="bbox 609 478 2648 563; baseline -0.001 -17"><span class='ocrx_word' id='word_1_2' title='bbox 609 479 908 547; x_wconf 83' lang='lat' dir='ltr'><strong>Videmus</strong></span> <span class='ocrx_word' id='word_1_3' title='bbox 940 478 1137 562; x_wconf 90' lang='lat' dir='ltr'>igitur</span> <span class='ocrx_word' id='word_1_4' title='bbox 1172 480 1331 547; x_wconf 91' lang='lat' dir='ltr'>miro</span> <span class='ocrx_word' id='word_1_5' title='bbox 1376 481 1647 563; x_wconf 89' lang='lat' dir='ltr'>quodam</span> <span class='ocrx_word' id='word_1_6' title='bbox 1686 481 1870 547; x_wconf 92' lang='lat' dir='ltr'>modo</span> <span class='ocrx_word' id='word_1_7' title='bbox 1905 480 2284 547; x_wconf 87' lang='lat' dir='ltr'>fluctuantes</span> <span class='ocrx_word' id='word_1_8' title='bbox 2320 479 2648 546; x_wconf 89' lang='lat' dir='ltr'>doctorum</span> 
     </span>
     <span class='ocr_line' id='line_1_3' title="bbox 439 588 2651 672; baseline 0 -19"><span class='ocrx_word' id='word_1_9' title='bbox 439 588 718 654; x_wconf 89' lang='lat' dir='ltr'>virorum</span> <span class='ocrx_word' id='word_1_10' title='bbox 782 590 860 655; x_wconf 92' lang='lat' dir='ltr'>de</span> <span class='ocrx_word' id='word_1_11' title='bbox 918 591 1120 672; x_wconf 86' lang='lat' dir='ltr'>elegia</span> <span class='ocrx_word' id='word_1_12' title='bbox 1175 592 1237 669; x_wconf 88' lang='grc' dir='ltr'>Ι,</span> <span class='ocrx_word' id='word_1_13' title='bbox 1311 596 1338 656; x_wconf 92' lang='grc'><strong>1</strong></span> <span class='ocrx_word' id='word_1_14' title='bbox 1398 593 1742 657; x_wconf 89' lang='lat' dir='ltr'>sententias</span> <span class='ocrx_word' id='word_1_15' title='bbox 1801 599 1862 657; x_wconf 91' lang='lat' dir='ltr'>et</span> <span class='ocrx_word' id='word_1_16' title='bbox 1923 592 1987 656; x_wconf 91' lang='lat' dir='ltr'>in</span> <span class='ocrx_word' id='word_1_17' title='bbox 2047 589 2164 657; x_wconf 93' lang='lat' dir='ltr'>hoc</span> <span class='ocrx_word' id='word_1_18' title='bbox 2226 609 2348 655; x_wconf 91' lang='lat' dir='ltr'>uno</span> <span class='ocrx_word' id='word_1_19' title='bbox 2403 596 2651 655; x_wconf 88' lang='lat' dir='ltr'>tantum</span> 
     </span>
     <span class='ocr_line' id='line_1_4' title="bbox 439 698 2651 782; baseline 0.001 -21"><span class='ocrx_word' id='word_1_20' title='bbox 439 705 890 778; x_wconf 81' lang='lat' dir='ltr'>congruentes:</span> <span class='ocrx_word' id='word_1_21' title='bbox 962 698 1368 764; x_wconf 85' lang='lat' dir='ltr'>dilaceratam</span> <span class='ocrx_word' id='word_1_22' title='bbox 1439 719 1577 765; x_wconf 90' lang='lat' dir='ltr'>esse</span> <span class='ocrx_word' id='word_1_23' title='bbox 1648 701 1922 782; x_wconf 86' lang='lat' dir='ltr'>priorem</span> <span class='ocrx_word' id='word_1_24' title='bbox 1999 701 2293 765; x_wconf 82' lang='lat' dir='ltr'>carminis</span> <span class='ocrx_word' id='word_1_25' title='bbox 2367 699 2651 765; x_wconf 85' lang='lat' dir='ltr'>formam.</span> 
     </span>
     <span class='ocr_line' id='line_1_5' title="bbox 443 805 2653 888; baseline 0 -17"><span class='ocrx_word' id='word_1_26' title='bbox 443 805 564 871; x_wconf 88' lang='lat' dir='ltr'>Sed</span> <span class='ocrx_word' id='word_1_27' title='bbox 609 811 816 871; x_wconf 87' lang='lat' dir='ltr'>tamen</span> <span class='ocrx_word' id='word_1_28' title='bbox 865 825 1171 887; x_wconf 78' lang='lat' dir='ltr'>quaerere</span> <span class='ocrx_word' id='word_1_29' title='bbox 1215 807 1458 888; x_wconf 83' lang='lat' dir='ltr'>licebit,</span> <span class='ocrx_word' id='word_1_30' title='bbox 1520 827 1669 873; x_wconf 91' lang='lat' dir='ltr'>num</span> <span class='ocrx_word' id='word_1_31' title='bbox 1714 815 1884 873; x_wconf 89' lang='lat' dir='ltr'>recte</span> <span class='ocrx_word' id='word_1_32' title='bbox 1930 810 2017 873; x_wconf 90' lang='lat' dir='ltr'>illi</span> <span class='ocrx_word' id='word_1_33' title='bbox 2064 809 2182 873; x_wconf 90' lang='lat' dir='ltr'>viri</span> <span class='ocrx_word' id='word_1_34' title='bbox 2231 817 2473 873; x_wconf 90' lang='lat' dir='ltr'>tantam</span> <span class='ocrx_word' id='word_1_35' title='bbox 2518 826 2653 872; x_wconf 88' lang='lat' dir='ltr'>esse</span> 
     </span>
     <span class='ocr_line' id='line_1_6' title="bbox 444 916 2655 998; baseline -0 -17"><span class='ocrx_word' id='word_1_36' title='bbox 444 916 682 998; x_wconf 86' lang='lat' dir='ltr'>elegiae</span> <span class='ocrx_word' id='word_1_37' title='bbox 740 917 1278 998; x_wconf 84' lang='lat' dir='ltr'>perturbationem</span> <span class='ocrx_word' id='word_1_38' title='bbox 1336 919 1719 998; x_wconf 78' lang='lat' dir='ltr'>statuerint,</span> <span class='ocrx_word' id='word_1_39' title='bbox 1781 938 1920 983; x_wconf 91' lang='lat' dir='ltr'>cum</span> <span class='ocrx_word' id='word_1_40' title='bbox 1988 919 2048 982; x_wconf 91' lang='lat' dir='ltr'>in</span> <span class='ocrx_word' id='word_1_41' title='bbox 2110 917 2425 983; x_wconf 85' lang='lat' dir='ltr'>codicibus</span> <span class='ocrx_word' id='word_1_42' title='bbox 2484 916 2655 981; x_wconf 86' lang='lat' dir='ltr'>nulla</span> 
     </span>
     <span class='ocr_line' id='line_1_7' title="bbox 444 1024 2656 1108; baseline 0.001 -21"><span class='ocrx_word' id='word_1_43' title='bbox 444 1028 691 1089; x_wconf 86' lang='lat' dir='ltr'>exstent</span> <span class='ocrx_word' id='word_1_44' title='bbox 748 1024 881 1105; x_wconf 90' lang='lat' dir='ltr'>ejus</span> <span class='ocrx_word' id='word_1_45' title='bbox 940 1026 1239 1106; x_wconf 88' lang='lat' dir='ltr'>vestigia;</span> <span class='ocrx_word' id='word_1_46' title='bbox 1300 1025 1523 1090; x_wconf 87' lang='lat' dir='ltr'>deinde</span> <span class='ocrx_word' id='word_1_47' title='bbox 1585 1046 1732 1091; x_wconf 92' lang='lat' dir='ltr'>vero</span> <span class='ocrx_word' id='word_1_48' title='bbox 1793 1046 1996 1091; x_wconf 91' lang='lat' dir='ltr'>nonne</span> <span class='ocrx_word' id='word_1_49' title='bbox 2053 1027 2190 1108; x_wconf 90' lang='lat' dir='ltr'>ipsa</span> <span class='ocrx_word' id='word_1_50' title='bbox 2248 1045 2478 1107; x_wconf 89' lang='lat' dir='ltr'>magna</span> <span class='ocrx_word' id='word_1_51' title='bbox 2518 1044 2656 1090; x_wconf 90' lang='lat' dir='ltr'>sen-</span> 
     </span>
     <span class='ocr_line' id='line_1_8' title="bbox 445 1124 2654 1202; baseline 0 -3"><span class='ocrx_word' id='word_1_52' title='bbox 445 1134 786 1200; x_wconf 89' lang='lat' dir='ltr'>tentiarum</span> <span class='ocrx_word' id='word_1_53' title='bbox 849 1135 1182 1200; x_wconf 90' lang='lat' dir='ltr'>diversitas</span> <span class='ocrx_word' id='word_1_54' title='bbox 1239 1137 1302 1200; x_wconf 92' lang='lat' dir='ltr'>in</span> <span class='ocrx_word' id='word_1_55' title='bbox 1364 1124 1620 1200; x_wconf 88' lang='lat' dir='ltr'>dubium</span> <span class='ocrx_word' id='word_1_56' title='bbox 1686 1155 1910 1202; x_wconf 88' lang='lat' dir='ltr'>vocare</span> <span class='ocrx_word' id='word_1_57' title='bbox 1956 1137 2139 1201; x_wconf 91' lang='lat' dir='ltr'>debet</span> <span class='ocrx_word' id='word_1_58' title='bbox 2196 1134 2383 1200; x_wconf 85' lang='lat' dir='ltr'>fidem</span> <span class='ocrx_word' id='word_1_59' title='bbox 2438 1154 2654 1200; x_wconf 85' lang='lat' dir='ltr'>earnm</span> 
     </span>
     <span class='ocr_line' id='line_1_9' title="bbox 445 1244 2658 1327; baseline 0 -19"><span class='ocrx_word' id='word_1_60' title='bbox 445 1262 519 1309; x_wconf 86' lang='lat' dir='ltr'>ac</span> <span class='ocrx_word' id='word_1_61' title='bbox 585 1245 964 1309; x_wconf 81' lang='lat' dir='ltr'>veritatem?</span> <span class='ocrx_word' id='word_1_62' title='bbox 1073 1247 1155 1310; x_wconf 90' lang='lat' dir='ltr'>Et</span> <span class='ocrx_word' id='word_1_63' title='bbox 1228 1247 1520 1311; x_wconf 89' lang='lat' dir='ltr'>nimirum</span> <span class='ocrx_word' id='word_1_64' title='bbox 1603 1266 1830 1327; x_wconf 89' lang='lat' dir='ltr'>magna</span> <span class='ocrx_word' id='word_1_65' title='bbox 1898 1247 2200 1326; x_wconf 88' lang='lat' dir='ltr'>Scaligeri</span> <span class='ocrx_word' id='word_1_66' title='bbox 2280 1244 2658 1310; x_wconf 88' lang='lat' dir='ltr'>auctoritate</span> 
     </span>
     <span class='ocr_line' id='line_1_10' title="bbox 448 1354 2659 1437; baseline 0.001 -19"><span class='ocrx_word' id='word_1_67' title='bbox 448 1354 615 1434; x_wconf 89' lang='lat' dir='ltr'>capti</span> <span class='ocrx_word' id='word_1_68' title='bbox 660 1361 723 1419; x_wconf 90' lang='lat' dir='ltr'>et</span> <span class='ocrx_word' id='word_1_69' title='bbox 763 1355 1159 1436; x_wconf 86' lang='lat' dir='ltr'>prajudicato</span> <span class='ocrx_word' id='word_1_70' title='bbox 1205 1356 1429 1435; x_wconf 89' lang='lat' dir='ltr'>anim0‚</span> <span class='ocrx_word' id='word_1_71' title='bbox 1474 1363 1839 1437; x_wconf 89' lang='lat' dir='ltr'>corruptum</span> <span class='ocrx_word' id='word_1_72' title='bbox 1885 1376 2021 1421; x_wconf 88' lang='lat' dir='ltr'>esse</span> <span class='ocrx_word' id='word_1_73' title='bbox 2066 1375 2335 1434; x_wconf 89' lang='lat' dir='ltr'>carmen,</span> <span class='ocrx_word' id='word_1_74' title='bbox 2379 1362 2659 1421; x_wconf 86' lang='lat' dir='ltr'>statuen-</span> 
     </span>
     <span class='ocr_line' id='line_1_11' title="bbox 449 1452 2659 1546; baseline 0 -18"><span class='ocrx_word' id='word_1_75' title='bbox 449 1472 578 1544; x_wconf 82' lang='lat' dir='ltr'>teS,</span> <span class='ocrx_word' id='word_1_76' title='bbox 654 1465 837 1528; x_wconf 88' lang='lat' dir='ltr'>nimis</span> <span class='ocrx_word' id='word_1_77' title='bbox 903 1452 1338 1546; x_wconf 83' lang='lat' dir='ltr'>neglegenter,</span> <span class='ocrx_word' id='word_1_78' title='bbox 1417 1467 1620 1546; x_wconf 87' lang='lat' dir='ltr'>qualis</span> <span class='ocrx_word' id='word_1_79' title='bbox 1687 1468 2141 1531; x_wconf 87' lang='lat' dir='ltr'>sententiarum</span> <span class='ocrx_word' id='word_1_80' title='bbox 2212 1485 2405 1531; x_wconf 85' lang='lat' dir='ltr'>nexus</span> <span class='ocrx_word' id='word_1_81' title='bbox 2476 1472 2659 1544; x_wconf 87' lang='lat' dir='ltr'>esset,</span> 
     </span>
     <span class='ocr_line' id='line_1_12' title="bbox 449 1546 2659 1661; baseline 0.001 -23"><span class='ocrx_word' id='word_1_82' title='bbox 449 1575 911 1656; x_wconf 86' lang='lat' dir='ltr'>quaesiverunt.</span> <span class='ocrx_word' id='word_1_83' title='bbox 989 1576 1168 1641; x_wconf 91' lang='lat' dir='ltr'>Unus</span> <span class='ocrx_word' id='word_1_84' title='bbox 1216 1546 1668 1655; x_wconf 50' lang='lat' dir='ltr'>Disseiiiua</span> <span class='ocrx_word' id='word_1_85' title='bbox 1712 1584 2079 1661; x_wconf 73' lang='lat' dir='ltr'>servaturus</span> <span class='ocrx_word' id='word_1_86' title='bbox 2119 1577 2356 1656; x_wconf 86' lang='lat' dir='ltr'>elegiae</span> <span class='ocrx_word' id='word_1_87' title='bbox 2402 1576 2659 1656; x_wconf 90' lang='lat' dir='ltr'>integri-</span> 
     </span>
     <span class='ocr_line' id='line_1_13' title="bbox 449 1686 2659 1768; baseline -0 -19"><span class='ocrx_word' id='word_1_88' title='bbox 449 1691 663 1764; x_wconf 88' lang='lat' dir='ltr'>tatem,</span> <span class='ocrx_word' id='word_1_89' title='bbox 708 1686 1062 1751; x_wconf 84' lang='lat' dir='ltr'>accuratius</span> <span class='ocrx_word' id='word_1_90' title='bbox 1107 1686 1295 1751; x_wconf 90' lang='lat' dir='ltr'>etiam</span> <span class='ocrx_word' id='word_1_91' title='bbox 1341 1687 1401 1751; x_wconf 91' lang='lat' dir='ltr'>in</span> <span class='ocrx_word' id='word_1_92' title='bbox 1459 1705 1708 1751; x_wconf 89' lang='lat' dir='ltr'>sensnm</span> <span class='ocrx_word' id='word_1_93' title='bbox 1757 1687 1890 1768; x_wconf 87' lang='lat' dir='ltr'>ejus</span> <span class='ocrx_word' id='word_1_94' title='bbox 1934 1687 2286 1768; x_wconf 82' lang='lat' dir='ltr'>inquisivit3</span> <span class='ocrx_word' id='word_1_95' title='bbox 2351 1686 2462 1750; x_wconf 89' lang='lat' dir='ltr'>sed</span> <span class='ocrx_word' id='word_1_96' title='bbox 2508 1686 2659 1750; x_wconf 90' lang='lat' dir='ltr'>nihil</span> 
     </span>
     <span class='ocr_line' id='line_1_14' title="bbox 450 1790 2660 1879; baseline 0.001 -23"><span class='ocrx_word' id='word_1_97' title='bbox 450 1790 731 1873; x_wconf 89' lang='lat' dir='ltr'>profecit.</span> <span class='ocrx_word' id='word_1_98' title='bbox 833 1794 1000 1858; x_wconf 92' lang='lat' dir='ltr'>Dicit</span> <span class='ocrx_word' id='word_1_99' title='bbox 1056 1795 1218 1858; x_wconf 91' lang='lat' dir='ltr'>enirn</span> <span class='ocrx_word' id='word_1_100' title='bbox 1280 1795 1375 1858; x_wconf 90' lang='lat' dir='ltr'>ed.</span> <span class='ocrx_word' id='word_1_101' title='bbox 1435 1796 1715 1876; x_wconf 73' lang='lat' dir='ltr'>Gotting,</span> <span class='ocrx_word' id='word_1_102' title='bbox 1787 1801 1939 1862; x_wconf 80' lang='lat'>1835</span> <span class='ocrx_word' id='word_1_103' title='bbox 1999 1796 2194 1879; x_wconf 88' lang='lat' dir='ltr'>praef.</span> <span class='ocrx_word' id='word_1_104' title='bbox 2261 1816 2403 1879; x_wconf 87' lang='lat' dir='ltr'>pag.</span> <span class='ocrx_word' id='word_1_105' title='bbox 2458 1795 2660 1861; x_wconf 88' lang='lat' dir='ltr'>CVIII</span> 
     </span>
     <span class='ocr_line' id='line_1_15' title="bbox 451 1898 2662 1986; baseline 0.002 -24"><span class='ocrx_word' id='word_1_106' title='bbox 451 1898 611 1963; x_wconf 89' lang='lat' dir='ltr'>hanc</span> <span class='ocrx_word' id='word_1_107' title='bbox 669 1918 974 1964; x_wconf 87' lang='lat' dir='ltr'>summam</span> <span class='ocrx_word' id='word_1_108' title='bbox 1032 1920 1168 1965; x_wconf 89' lang='lat' dir='ltr'>esse</span> <span class='ocrx_word' id='word_1_109' title='bbox 1227 1904 1520 1967; x_wconf 87' lang='lat' dir='ltr'>carminis</span> <span class='ocrx_word' id='word_1_110' title='bbox 1573 1905 1949 1968; x_wconf 88' lang='lat' dir='ltr'>sententiam</span> <span class='ocrx_word' id='word_1_111' title='bbox 1995 1905 2306 1986; x_wconf 90' lang='lat' dir='ltr'>(Tibullus</span> <span class='ocrx_word' id='word_1_112' title='bbox 2352 1904 2662 1970; x_wconf 84' lang='lat' dir='ltr'>Messalae</span> 
     </span>
     <span class='ocr_line' id='line_1_16' title="bbox 454 2009 2661 2095; baseline 0.001 -22"><span class='ocrx_word' id='word_1_113' title='bbox 454 2009 845 2090; x_wconf 55' lang='lat' dir='ltr'>respondem:</span> <span class='ocrx_word' id='word_1_114' title='bbox 893 2010 1156 2075; x_wconf 89' lang='lat' dir='ltr'>Militiae</span> <span class='ocrx_word' id='word_1_115' title='bbox 1193 2013 1510 2077; x_wconf 86' lang='lat' dir='ltr'>molestias</span> <span class='ocrx_word' id='word_1_116' title='bbox 1550 2020 1612 2077; x_wconf 91' lang='lat' dir='ltr'>et</span> <span class='ocrx_word' id='word_1_117' title='bbox 1654 2032 1804 2093; x_wconf 90' lang='lat' dir='ltr'>opes</span> <span class='ocrx_word' id='word_1_118' title='bbox 1842 2015 1980 2078; x_wconf 88' lang='lat' dir='ltr'>aliis</span> <span class='ocrx_word' id='word_1_119' title='bbox 2017 2034 2084 2079; x_wconf 89' lang='lat' dir='ltr'>se</span> <span class='ocrx_word' id='word_1_120' title='bbox 2126 2016 2498 2095; x_wconf 84' lang='lat' dir='ltr'>relinquere,</span> <span class='ocrx_word' id='word_1_121' title='bbox 2545 2014 2661 2078; x_wconf 92' lang='lat' dir='ltr'>sibi</span> 
     </span>
     <span class='ocr_line' id='line_1_17' title="bbox 453 2120 2662 2200; baseline 0.002 -18"><span class='ocrx_word' id='word_1_122' title='bbox 453 2125 701 2199; x_wconf 88' lang='lat' dir='ltr'>placere</span> <span class='ocrx_word' id='word_1_123' title='bbox 769 2120 1291 2200; x_wconf 87' lang='lat' dir='ltr'>tranquillitatem</span> <span class='ocrx_word' id='word_1_124' title='bbox 1365 2122 1530 2185; x_wconf 90' lang='lat' dir='ltr'>vitae</span> <span class='ocrx_word' id='word_1_125' title='bbox 1602 2125 1838 2187; x_wconf 88' lang='lat' dir='ltr'>modico</span> <span class='ocrx_word' id='word_1_126' title='bbox 1920 2130 2266 2189; x_wconf 89' lang='lat' dir='ltr'>contentae.</span> <span class='ocrx_word' id='word_1_127' title='bbox 2376 2124 2520 2188; x_wconf 87' lang='lat' dir='ltr'>Jam</span> <span class='ocrx_word' id='word_1_128' title='bbox 2600 2124 2662 2186; x_wconf 91' lang='lat' dir='ltr'>in</span> 
     </span>
     <span class='ocr_line' id='line_1_18' title="bbox 456 2222 2665 2310; baseline 0.001 -18"><span class='ocrx_word' id='word_1_129' title='bbox 456 2228 659 2293; x_wconf 90' lang='lat' dir='ltr'>medio</span> <span class='ocrx_word' id='word_1_130' title='bbox 717 2229 990 2293; x_wconf 88' lang='lat' dir='ltr'>carmine</span> <span class='ocrx_word' id='word_1_131' title='bbox 1047 2228 1108 2291; x_wconf 92' lang='lat' dir='ltr'>id</span> <span class='ocrx_word' id='word_1_132' title='bbox 1155 2230 1288 2308; x_wconf 88' lang='lat' dir='ltr'>agit</span> <span class='ocrx_word' id='word_1_133' title='bbox 1331 2236 1547 2310; x_wconf 76' lang='lat' dir='ltr'>poeta,</span> <span class='ocrx_word' id='word_1_134' title='bbox 1612 2240 1682 2294; x_wconf 91' lang='lat' dir='ltr'>ut</span> <span class='ocrx_word' id='word_1_135' title='bbox 1736 2231 2050 2295; x_wconf 86' lang='lat' dir='ltr'>describat</span> <span class='ocrx_word' id='word_1_136' title='bbox 2107 2239 2170 2296; x_wconf 90' lang='lat' dir='ltr'>et</span> <span class='ocrx_word' id='word_1_137' title='bbox 2230 2232 2504 2296; x_wconf 91' lang='lat' dir='ltr'>illustret</span> <span class='ocrx_word' id='word_1_138' title='bbox 2548 2222 2665 2295; x_wconf 87' lang='lat' dir='ltr'>boc</span> 
     </span>
     <span class='ocr_line' id='line_1_19' title="bbox 456 2338 2664 2420; baseline -0 -17"><span class='ocrx_word' id='word_1_139' title='bbox 456 2338 650 2403; x_wconf 89' lang='lat' dir='ltr'>otium</span> <span class='ocrx_word' id='word_1_140' title='bbox 696 2356 982 2403; x_wconf 88' lang='lat' dir='ltr'>securum</span> <span class='ocrx_word' id='word_1_141' title='bbox 1042 2344 1106 2403; x_wconf 90' lang='lat' dir='ltr'>et</span> <span class='ocrx_word' id='word_1_142' title='bbox 1164 2338 1379 2419; x_wconf 90' lang='lat' dir='ltr'>paucis</span> <span class='ocrx_word' id='word_1_143' title='bbox 1438 2346 1829 2417; x_wconf 87' lang='lat' dir='ltr'>contentum,</span> <span class='ocrx_word' id='word_1_144' title='bbox 1895 2339 2058 2420; x_wconf 92' lang='lat' dir='ltr'>quod</span> <span class='ocrx_word' id='word_1_145' title='bbox 2122 2338 2352 2420; x_wconf 89' lang='lat' dir='ltr'>degere</span> <span class='ocrx_word' id='word_1_146' title='bbox 2412 2339 2664 2420; x_wconf 88' lang='lat' dir='ltr'>cogitat,</span> 
     </span>
     <span class='ocr_line' id='line_1_20' title="bbox 456 2447 2665 2529; baseline 0 -18"><span class='ocrx_word' id='word_1_147' title='bbox 456 2449 545 2512; x_wconf 90' lang='lat' dir='ltr'>sic</span> <span class='ocrx_word' id='word_1_148' title='bbox 592 2448 791 2512; x_wconf 89' lang='lat' dir='ltr'>divisa</span> <span class='ocrx_word' id='word_1_149' title='bbox 846 2455 981 2511; x_wconf 89' lang='lat' dir='ltr'>tota</span> <span class='ocrx_word' id='word_1_150' title='bbox 1040 2449 1448 2512; x_wconf 83' lang='lat' dir='ltr'>tractat-ione:</span> <span class='ocrx_word' id='word_1_151' title='bbox 1508 2448 1787 2511; x_wconf 87' lang='lat' dir='ltr'>Primum</span> <span class='ocrx_word' id='word_1_152' title='bbox 1835 2450 2108 2513; x_wconf 87' lang='lat' dir='ltr'>rusticae</span> <span class='ocrx_word' id='word_1_153' title='bbox 2157 2449 2323 2512; x_wconf 89' lang='lat' dir='ltr'>vitae</span> <span class='ocrx_word' id='word_1_154' title='bbox 2374 2447 2665 2529; x_wconf 87' lang='lat' dir='ltr'>jucundi-</span> 
     </span>
     <span class='ocr_line' id='line_1_21' title="bbox 458 2555 2666 2639; baseline -0.002 -17"><span class='ocrx_word' id='word_1_155' title='bbox 458 2565 656 2623; x_wconf 89' lang='lat' dir='ltr'>tatem</span> <span class='ocrx_word' id='word_1_156' title='bbox 701 2558 990 2639; x_wconf 86' lang='lat' dir='ltr'>explicat,</span> <span class='ocrx_word' id='word_1_157' title='bbox 1035 2557 1114 2622; x_wconf 91' lang='lat' dir='ltr'>ad</span> <span class='ocrx_word' id='word_1_158' title='bbox 1160 2576 1346 2638; x_wconf 91' lang='lat' dir='ltr'>quam</span> <span class='ocrx_word' id='word_1_159' title='bbox 1392 2557 1600 2622; x_wconf 89' lang='lat' dir='ltr'>redire</span> <span class='ocrx_word' id='word_1_160' title='bbox 1646 2558 1810 2635; x_wconf 89' lang='lat' dir='ltr'>vult,</span> <span class='ocrx_word' id='word_1_161' title='bbox 1870 2576 2009 2621; x_wconf 89' lang='lat' dir='ltr'>cum</span> <span class='ocrx_word' id='word_1_162' title='bbox 2057 2558 2323 2637; x_wconf 83' lang='lat' dir='ltr'>negotiis</span> <span class='ocrx_word' id='word_1_163' title='bbox 2366 2555 2666 2637; x_wconf 84' lang='lat' dir='ltr'>festisque</span> 
     </span>
     <span class='ocr_line' id='line_1_22' title="bbox 460 2662 2667 2744; baseline -0.003 -14"><span class='ocrx_word' id='word_1_164' title='bbox 460 2666 608 2744; x_wconf 85' lang='lat' dir='ltr'>suis,</span> <span class='ocrx_word' id='word_1_165' title='bbox 652 2663 859 2728; x_wconf 67' lang='lat' dir='ltr'>dicens</span> <span class='ocrx_word' id='word_1_166' title='bbox 904 2673 1034 2726; x_wconf 75' lang='lat' dir='ltr'>tum</span> <span class='ocrx_word' id='word_1_167' title='bbox 1077 2663 1152 2726; x_wconf 79' lang='lat' dir='ltr'>de</span> <span class='ocrx_word' id='word_1_168' title='bbox 1195 2665 1495 2738; x_wconf 65' lang='lat' dir='ltr'>arborum</span> <span class='ocrx_word' id='word_1_169' title='bbox 1560 2665 1909 2744; x_wconf 63' lang='lat' dir='ltr'>vitiumque</span> <span class='ocrx_word' id='word_1_170' title='bbox 1966 2684 2123 2728; x_wconf 74' lang='lat' dir='ltr'>cura</span> <span class='ocrx_word' id='word_1_171' title='bbox 2181 2668 2237 2726; x_wconf 83' lang='lat' dir='ltr'>et</span> <span class='ocrx_word' id='word_1_172' title='bbox 2302 2664 2471 2727; x_wconf 78' lang='lat' dir='ltr'>culta</span> <span class='ocrx_word' id='word_1_173' title='bbox 2528 2662 2667 2726; x_wconf 82' lang='lat' dir='ltr'>deo-</span> 
     </span>
     <span class='ocr_line' id='line_1_23' title="bbox 456 2773 2670 2859; baseline -0.001 -21"><span class='ocrx_word' id='word_1_174' title='bbox 456 2794 604 2838; x_wconf 75' lang='lat' dir='ltr'>rum</span> <span class='ocrx_word' id='word_1_175' title='bbox 663 2774 1088 2859; x_wconf 71' lang='lat' dir='ltr'>ayricoI-arum</span> <span class='ocrx_word' id='word_1_176' title='bbox 1105 2823 1129 2855; x_wconf 84' lang='lat'>,</span> <span class='ocrx_word' id='word_1_177' title='bbox 1186 2777 1315 2837; x_wconf 77' lang='lat' dir='ltr'>tum</span> <span class='ocrx_word' id='word_1_178' title='bbox 1375 2773 1449 2836; x_wconf 77' lang='lat' dir='ltr'>(Ie</span> <span class='ocrx_word' id='word_1_179' title='bbox 1504 2794 1578 2837; x_wconf 73' lang='lat' dir='ltr'>re</span> <span class='ocrx_word' id='word_1_180' title='bbox 1625 2774 1942 2855; x_wconf 70' lang='lat' dir='ltr'>pecuaria</span> <span class='ocrx_word' id='word_1_181' title='bbox 2002 2777 2057 2835; x_wconf 78' lang='lat' dir='ltr'>et</span> <span class='ocrx_word' id='word_1_182' title='bbox 2087 2773 2472 2855; x_wconf 69' lang='lat' dir='ltr'>pastoritiae</span> <span class='ocrx_word' id='word_1_183' title='bbox 2519 2773 2670 2838; x_wconf 80' lang='lat' dir='ltr'>deae</span> 
     </span>
     <span class='ocr_line' id='line_1_24' title="bbox 459 2885 2666 2968; baseline 0 -20"><span class='ocrx_word' id='word_1_184' title='bbox 459 2885 664 2948; x_wconf 65' lang='lat' dir='ltr'>caltw‘</span> <span class='ocrx_word' id='word_1_185' title='bbox 711 2905 844 2968; x_wconf 91' lang='lat' dir='ltr'>sqq.</span> <span class='ocrx_word' id='word_1_186' title='bbox 892 2924 970 2933; x_wconf 93' lang='lat'>—</span> <span class='ocrx_word' id='word_1_187' title='bbox 1015 2888 1085 2951; x_wconf 93' lang='lat' dir='ltr'>In</span> <span class='ocrx_word' id='word_1_188' title='bbox 1133 2887 1248 2950; x_wconf 92' lang='lat' dir='ltr'>hac</span> <span class='ocrx_word' id='word_1_189' title='bbox 1293 2886 1585 2950; x_wconf 87' lang='lat' dir='ltr'>carminis</span> <span class='ocrx_word' id='word_1_190' title='bbox 1635 2886 2040 2965; x_wconf 85' lang='lat' dir='ltr'>dispositione</span> <span class='ocrx_word' id='word_1_191' title='bbox 2086 2885 2370 2966; x_wconf 88' lang='lat' dir='ltr'>equidem</span> <span class='ocrx_word' id='word_1_192' title='bbox 2430 2887 2666 2950; x_wconf 90' lang='lat' dir='ltr'>nullum</span> 
     </span>
     <span class='ocr_line' id='line_1_25' title="bbox 459 2995 2668 3074; baseline 0 -13"><span class='ocrx_word' id='word_1_193' title='bbox 459 2997 703 3062; x_wconf 90' lang='lat' dir='ltr'>invenio</span> <span class='ocrx_word' id='word_1_194' title='bbox 763 2997 1213 3061; x_wconf 85' lang='lat' dir='ltr'>sententiarum</span> <span class='ocrx_word' id='word_1_195' title='bbox 1273 3015 1529 3074; x_wconf 87' lang='lat' dir='ltr'>nexum,</span> <span class='ocrx_word' id='word_1_196' title='bbox 1584 2995 1770 3058; x_wconf 89' lang='lat' dir='ltr'>immo</span> <span class='ocrx_word' id='word_1_197' title='bbox 1825 2996 2331 3074; x_wconf 88' lang='lat' dir='ltr'>conglomeratae</span> <span class='ocrx_word' id='word_1_198' title='bbox 2378 2997 2668 3061; x_wconf 90' lang='lat' dir='ltr'>videntur</span> 
     </span>
     <span class='ocr_line' id='line_1_26' title="bbox 463 3104 2669 3186; baseline -0 -16"><span class='ocrx_word' id='word_1_199' title='bbox 463 3113 527 3171; x_wconf 88' lang='lat' dir='ltr'>et</span> <span class='ocrx_word' id='word_1_200' title='bbox 569 3107 702 3171; x_wconf 86' lang='lat' dir='ltr'>sine</span> <span class='ocrx_word' id='word_1_201' title='bbox 746 3113 883 3170; x_wconf 88' lang='lat' dir='ltr'>arte</span> <span class='ocrx_word' id='word_1_202' title='bbox 926 3106 1393 3186; x_wconf 78' lang='lat' dir='ltr'>conglutinatae</span> <span class='ocrx_word' id='word_1_203' title='bbox 1440 3105 1725 3184; x_wconf 87' lang='lat' dir='ltr'>singulae</span> <span class='ocrx_word' id='word_1_204' title='bbox 1771 3112 1985 3185; x_wconf 88' lang='lat' dir='ltr'>partes</span> <span class='ocrx_word' id='word_1_205' title='bbox 2029 3123 2231 3183; x_wconf 88' lang='lat' dir='ltr'>neque</span> <span class='ocrx_word' id='word_1_206' title='bbox 2278 3104 2403 3169; x_wconf 88' lang='lat' dir='ltr'>ullo</span> <span class='ocrx_word' id='word_1_207' title='bbox 2455 3105 2669 3169; x_wconf 90' lang='lat' dir='ltr'>interi-</span> 
     </span>
     <span class='ocr_line' id='line_1_27' title="bbox 461 3211 2667 3295; baseline -0.002 -16"><span class='ocrx_word' id='word_1_208' title='bbox 461 3214 574 3280; x_wconf 92' lang='lat' dir='ltr'>bre</span> <span class='ocrx_word' id='word_1_209' title='bbox 640 3215 884 3279; x_wconf 87' lang='lat' dir='ltr'>vinculo</span> <span class='ocrx_word' id='word_1_210' title='bbox 954 3215 1340 3295; x_wconf 87' lang='lat' dir='ltr'>conjunctae.</span> <span class='ocrx_word' id='word_1_211' title='bbox 1430 3216 1637 3294; x_wconf 90' lang='lat' dir='ltr'>Atque</span> <span class='ocrx_word' id='word_1_212' title='bbox 1703 3211 1857 3276; x_wconf 88' lang='lat' dir='ltr'>haec</span> <span class='ocrx_word' id='word_1_213' title='bbox 1926 3211 2040 3275; x_wconf 86' lang='lat' dir='ltr'>viri</span> <span class='ocrx_word' id='word_1_214' title='bbox 2107 3213 2418 3277; x_wconf 90' lang='lat' dir='ltr'>sententia</span> <span class='ocrx_word' id='word_1_215' title='bbox 2482 3231 2667 3294; x_wconf 90' lang='lat' dir='ltr'>quam</span> 
     </span>
     <span class='ocr_line' id='line_1_28' title="bbox 461 3322 2671 3406; baseline -0.001 -19"><span class='ocrx_word' id='word_1_216' title='bbox 461 3325 677 3406; x_wconf 89' lang='lat' dir='ltr'>procul</span> <span class='ocrx_word' id='word_1_217' title='bbox 707 3325 789 3389; x_wconf 90' lang='lat' dir='ltr'>sit</span> <span class='ocrx_word' id='word_1_218' title='bbox 827 3345 864 3388; x_wconf 90' lang='lat' dir='ltr'>a</span> <span class='ocrx_word' id='word_1_219' title='bbox 889 3343 1054 3403; x_wconf 91' lang='lat' dir='ltr'>vero,</span> <span class='ocrx_word' id='word_1_220' title='bbox 1092 3323 1291 3404; x_wconf 89' lang='lat' dir='ltr'>magis</span> <span class='ocrx_word' id='word_1_221' title='bbox 1330 3323 1516 3385; x_wconf 90' lang='lat' dir='ltr'>etiam</span> <span class='ocrx_word' id='word_1_222' title='bbox 1556 3322 1935 3403; x_wconf 85' lang='lat' dir='ltr'>procedente</span> <span class='ocrx_word' id='word_1_223' title='bbox 1974 3338 2113 3384; x_wconf 87' lang='lat' dir='ltr'>mea</span> <span class='ocrx_word' id='word_1_224' title='bbox 2152 3322 2671 3385; x_wconf 84' lang='lat' dir='ltr'>commentatione</span> 
     </span>
     <span class='ocr_line' id='line_1_29' title="bbox 462 3429 2672 3512; baseline -0.004 -13"><span class='ocrx_word' id='word_1_225' title='bbox 462 3432 759 3512; x_wconf 81' lang='lat' dir='ltr'>elucebit3</span> <span class='ocrx_word' id='word_1_226' title='bbox 823 3433 1166 3498; x_wconf 81' lang='lat' dir='ltr'>videbimus</span> <span class='ocrx_word' id='word_1_227' title='bbox 1225 3433 1421 3510; x_wconf 89' lang='lat' dir='ltr'>emin,</span> <span class='ocrx_word' id='word_1_228' title='bbox 1481 3431 1560 3495; x_wconf 90' lang='lat' dir='ltr'>ad</span> <span class='ocrx_word' id='word_1_229' title='bbox 1607 3448 1792 3510; x_wconf 86' lang='lat' dir='ltr'>quam</span> <span class='ocrx_word' id='word_1_230' title='bbox 1855 3429 2047 3492; x_wconf 88' lang='lat' dir='ltr'>miras</span> <span class='ocrx_word' id='word_1_231' title='bbox 2107 3429 2547 3509; x_wconf 87' lang='lat' dir='ltr'>explicationes</span> <span class='ocrx_word' id='word_1_232' title='bbox 2608 3434 2672 3491; x_wconf 90' lang='lat' dir='ltr'>et</span> 
     </span>
     <span class='ocr_line' id='line_1_30' title="bbox 462 3519 2670 3621; baseline -0.003 -16"><span class='ocrx_word' id='word_1_233' title='bbox 462 3542 645 3621; x_wconf 89' lang='lat' dir='ltr'>longe</span> <span class='ocrx_word' id='word_1_234' title='bbox 700 3540 1033 3605; x_wconf 76' lang='lat' dir='ltr'>arcessitae</span> <span class='ocrx_word' id='word_1_235' title='bbox 1092 3540 1466 3620; x_wconf 86' lang='lat' dir='ltr'>pervenerit.</span> <span class='ocrx_word' id='word_1_236' title='bbox 1516 3574 1591 3582; x_wconf 93' lang='lat'>—</span> <span class='ocrx_word' id='word_1_237' title='bbox 1646 3519 2160 3601; x_wconf 85' lang='lat' dir='ltr'>Ribbeckins</span> <span class='ocrx_word' id='word_1_238' title='bbox 2218 3555 2477 3616; x_wconf 87' lang='lat' dir='ltr'>prorsus</span> <span class='ocrx_word' id='word_1_239' title='bbox 2540 3533 2670 3599; x_wconf 80' lang='lat' dir='ltr'>fere</span> 
     </span>
     <span class='ocr_line' id='line_1_31' title="bbox 464 3645 2673 3732; baseline -0.003 -15"><span class='ocrx_word' id='word_1_240' title='bbox 464 3654 674 3717; x_wconf 89' lang='lat' dir='ltr'>omisit</span> <span class='ocrx_word' id='word_1_241' title='bbox 734 3652 891 3715; x_wconf 88' lang='lat' dir='ltr'>hanc</span> <span class='ocrx_word' id='word_1_242' title='bbox 950 3652 1412 3732; x_wconf 74' lang='lat' dir='ltr'>quaestioiieni3</span> <span class='ocrx_word' id='word_1_243' title='bbox 1487 3651 1548 3712; x_wconf 93' lang='lat' dir='ltr'>in</span> <span class='ocrx_word' id='word_1_244' title='bbox 1609 3668 1751 3729; x_wconf 89' lang='lat' dir='ltr'>pag.</span> <span class='ocrx_word' id='word_1_245' title='bbox 1824 3654 1848 3711; x_wconf 87' lang='lat' dir='ltr'>l</span> <span class='ocrx_word' id='word_1_246' title='bbox 1899 3647 2141 3710; x_wconf 88' lang='lat' dir='ltr'>dnobus</span> <span class='ocrx_word' id='word_1_247' title='bbox 2205 3645 2485 3710; x_wconf 84' lang='lat' dir='ltr'>versibus</span> <span class='ocrx_word' id='word_1_248' title='bbox 2538 3664 2673 3710; x_wconf 86' lang='lat' dir='ltr'>sen·</span> 
     </span>
     <span class='ocr_line' id='line_1_32' title="bbox 463 3752 2673 3842; baseline -0.005 -16"><span class='ocrx_word' id='word_1_249' title='bbox 463 3781 599 3826; x_wconf 91' lang='lat' dir='ltr'>snm</span> <span class='ocrx_word' id='word_1_250' title='bbox 657 3762 894 3842; x_wconf 90' lang='lat' dir='ltr'>elegiae</span> <span class='ocrx_word' id='word_1_251' title='bbox 952 3760 1235 3841; x_wconf 84' lang='lat' dir='ltr'>exponit,</span> <span class='ocrx_word' id='word_1_252' title='bbox 1295 3759 1628 3837; x_wconf 86' lang='lat' dir='ltr'>adjiciens:</span> <span class='ocrx_word' id='word_1_253' title='bbox 1702 3757 1762 3819; x_wconf 85' lang='lat' dir='ltr'>id</span> <span class='ocrx_word' id='word_1_254' title='bbox 1802 3756 2053 3836; x_wconf 91' lang='lat' dir='ltr'>quidem</span> <span class='ocrx_word' id='word_1_255' title='bbox 2099 3752 2363 3818; x_wconf 89' lang='lat' dir='ltr'>verbosa</span> <span class='ocrx_word' id='word_1_256' title='bbox 2418 3771 2673 3817; x_wconf 89' lang='lat' dir='ltr'>enarra-</span> 
     </span>
     <span class='ocr_line' id='line_1_33' title="bbox 463 3863 2669 3949; baseline -0.004 -14"><span class='ocrx_word' id='word_1_257' title='bbox 463 3873 633 3935; x_wconf 87' lang='lat' dir='ltr'>tione</span> <span class='ocrx_word' id='word_1_258' title='bbox 678 3870 885 3934; x_wconf 91' lang='lat' dir='ltr'>doceri</span> <span class='ocrx_word' id='word_1_259' title='bbox 930 3887 1087 3949; x_wconf 90' lang='lat' dir='ltr'>opus</span> <span class='ocrx_word' id='word_1_260' title='bbox 1133 3887 1254 3932; x_wconf 92' lang='lat' dir='ltr'>non</span> <span class='ocrx_word' id='word_1_261' title='bbox 1298 3876 1410 3931; x_wconf 89' lang='lat' dir='ltr'>est.</span> <span class='ocrx_word' id='word_1_262' title='bbox 1457 3902 1525 3911; x_wconf 89' lang='lat'>—</span> <span class='ocrx_word' id='word_1_263' title='bbox 1569 3866 1755 3930; x_wconf 86' lang='lat' dir='ltr'>Certe</span> <span class='ocrx_word' id='word_1_264' title='bbox 1801 3883 1920 3927; x_wconf 91' lang='lat' dir='ltr'>non</span> <span class='ocrx_word' id='word_1_265' title='bbox 1965 3863 2226 3927; x_wconf 86' lang='lat' dir='ltr'>verbosa</span> <span class='ocrx_word' id='word_1_266' title='bbox 2251 3863 2669 3940; x_wconf 86' lang='lat' dir='ltr'>enarratione,</span> 
     </span>
     <span class='ocr_line' id='line_1_34' title="bbox 464 3964 2671 4059; baseline -0.005 -13"><span class='ocrx_word' id='word_1_267' title='bbox 464 3964 573 4046; x_wconf 82' lang='lat' dir='ltr'>sed</span> <span class='ocrx_word' id='word_1_268' title='bbox 638 3982 1023 4058; x_wconf 85' lang='lat' dir='ltr'>necessaria,</span> <span class='ocrx_word' id='word_1_269' title='bbox 1112 3997 1358 4059; x_wconf 90' lang='lat' dir='ltr'>quaque</span> <span class='ocrx_word' id='word_1_270' title='bbox 1424 3976 1601 4057; x_wconf 81' lang='lat' dir='ltr'>justa</span> <span class='ocrx_word' id='word_1_271' title='bbox 1677 3974 2028 4039; x_wconf 88' lang='lat' dir='ltr'>emendatio</span> <span class='ocrx_word' id='word_1_272' title='bbox 2100 3981 2164 4036; x_wconf 89' lang='lat' dir='ltr'>et</span> <span class='ocrx_word' id='word_1_273' title='bbox 2233 3973 2671 4055; x_wconf 88' lang='lat' dir='ltr'>interpretatio</span> 
     </span>
     <span class='ocr_line' id='line_1_35' title="bbox 468 4083 2673 4174; baseline -0.005 -17"><span class='ocrx_word' id='word_1_274' title='bbox 468 4112 654 4174; x_wconf 87' lang='lat' dir='ltr'>egere</span> <span class='ocrx_word' id='word_1_275' title='bbox 717 4110 837 4155; x_wconf 90' lang='lat' dir='ltr'>non</span> <span class='ocrx_word' id='word_1_276' title='bbox 905 4096 1131 4171; x_wconf 78' lang='lat' dir='ltr'>potest.</span> <span class='ocrx_word' id='word_1_277' title='bbox 1219 4088 1416 4165; x_wconf 83' lang='lat' dir='ltr'>Quam</span> <span class='ocrx_word' id='word_1_278' title='bbox 1488 4104 1636 4150; x_wconf 86' lang='lat' dir='ltr'>vero</span> <span class='ocrx_word' id='word_1_279' title='bbox 1704 4083 2025 4148; x_wconf 86' lang='lat' dir='ltr'>mirificam</span> <span class='ocrx_word' id='word_1_280' title='bbox 2094 4084 2467 4150; x_wconf 88' lang='lat' dir='ltr'>sententiam</span> <span class='ocrx_word' id='word_1_281' title='bbox 2528 4083 2673 4147; x_wconf 89' lang='lat' dir='ltr'>Rib-</span> 
     </span>
     <span class='ocr_line' id='line_1_36' title="bbox 475 4192 2674 4282; baseline -0.005 -15"><span class='ocrx_word' id='word_1_282' title='bbox 475 4200 730 4267; x_wconf 88' lang='lat' dir='ltr'>beckius</span> <span class='ocrx_word' id='word_1_283' title='bbox 776 4200 852 4263; x_wconf 86' lang='lat' dir='ltr'>de</span> <span class='ocrx_word' id='word_1_284' title='bbox 897 4200 1099 4282; x_wconf 88' lang='lat' dir='ltr'>elegia</span> <span class='ocrx_word' id='word_1_285' title='bbox 1144 4198 1451 4278; x_wconf 85' lang='lat' dir='ltr'>habuerit,</span> <span class='ocrx_word' id='word_1_286' title='bbox 1496 4203 1627 4260; x_wconf 89' lang='lat' dir='ltr'>tum</span> <span class='ocrx_word' id='word_1_287' title='bbox 1674 4195 1906 4277; x_wconf 89' lang='lat' dir='ltr'>optime</span> <span class='ocrx_word' id='word_1_288' title='bbox 1952 4213 2304 4277; x_wconf 78' lang='lat' dir='ltr'>cognosce8‚</span> <span class='ocrx_word' id='word_1_289' title='bbox 2358 4193 2410 4258; x_wconf 90' lang='lat' dir='ltr'>si</span> <span class='ocrx_word' id='word_1_290' title='bbox 2448 4192 2674 4275; x_wconf 86' lang='lat' dir='ltr'>quibus</span> 
     </span>
    </p>
   </div>
  </div>
 </body>
</html>
