3082 4688
1243 410 1654 471 -49-.

347 597 605 677 tissime,
648 595 957 679 paulatim
1005 613 1078 658 eo
1123 590 1426 674 pervenit,
1493 595 1566 654 ut
1608 604 1916 652 summam
1963 601 2098 649 esse
2142 580 2264 647 sibi
2306 598 2562 661 persua-

340 707 524 772 deret
567 704 889 770 levitatem
935 699 1239 783 Cynthiae
1287 705 1350 763 et
1391 695 1754 780 perfidiam;
1799 694 2066 773 denique
2090 711 2163 757 eo
2187 708 2562 772 progressus

343 823 440 880 est
483 809 994 894 perturbationiS,
1046 812 1116 872 ut
1154 807 1283 888 jam
1331 804 1570 869 relictis
1609 801 1858 866 Amoris
1896 799 2140 877 castriS‚
2183 815 2250 861 se
2286 795 2561 860 animum

340 922 419 988 ad
458 938 559 985 res
603 937 865 1001 prorsus
911 917 1148 980 alienas
1193 915 1607 978 adverturum
1651 910 2074 992 promitteret.
2122 903 2341 969 Tertia
2384 908 2562 969 aetas

352 1030 790 1111 complectitur
832 1026 937 1103 lib-2
994 1026 1102 1103 ΙΙΙ,
1164 1042 1355 1090 carm.
1406 1026 1677 1099 12—343
1753 1002 1951 1101 poeta*
1986 1015 2195 1083 subito
2240 1017 2302 1081 in
2345 1034 2562 1099 pacem

353 1138 520 1203 redit
562 1155 700 1203 cum
739 1135 965 1217 puella,
1044 1138 1241 1197 donec
1286 1137 1471 1213 rupto
1519 1148 1739 1194 rursus
1790 1127 2045 1193 foedere
2127 1125 2293 1192 bella
2335 1127 2564 1191 iterum

350 1254 652 1330 gerantur
714 1245 1041 1311 amatoria.
1134 1241 1331 1306 Aetas
1376 1238 1640 1320 denique
1689 1241 1921 1318 quarta
1981 1237 2417 1318 complectitur
2459 1236 2564 1301 lib.

319 1359 469 1437 -IV3
517 1357 788 1439 primum
835 1373 1057 1419 rursus
1101 1372 1317 1434 pacem
1365 1352 1521 1430 iniit,
1595 1349 1735 1413 dein
1776 1366 1997 1412 rursus
2033 1346 2204 1412 bella
2238 1352 2565 1429 geruntur,

358 1471 489 1529 tum
536 1480 756 1528 rursus
800 1459 1019 1527 foedus
1062 1460 1268 1539 icitur,
1311 1459 1508 1523 donec
1533 1464 1724 1539 rupta
1760 1474 1979 1520 rursus
2013 1454 2153 1533 fide,
2196 1454 2449 1520 tandem
2486 1451 2565 1517 ad

360 1590 580 1637 sanum
648 1577 847 1635 coisse
920 1569 1182 1633 vulnera
1245 1565 1514 1646 gaudeat
1580 1562 2036 1646 Cynthiamque
2091 1561 2244 1625 diris
2302 1559 2564 1641 adjectis

355 1680 580 1763 jubeat
638 1679 905 1744 valere.“
951 1713 1026 1722 ——
1115 1679 1190 1742 In
1251 1676 1368 1741 hoc
1422 1678 1558 1739 toto
1615 1672 1848 1736 amoris
1892 1672 2159 1736 decursu
2204 1669 2313 1734 ubi
2357 1670 2567 1751 aptius

363 1796 581 1855 nostra
625 1789 827 1868 elegia
874 1785 1238 1852 collocanda
1275 1790 1432 1864 erat,
1492 1801 1680 1864 quam
1726 1786 1873 1846 ante
1914 1798 2107 1845 carm.
2150 1780 2266 1858 ΙΙΙ,
2316 1779 2438 1844 10?
2485 1813 2563 1824 —-

532 1896 667 1974 Quo
712 1894 895 1960 modo
940 1911 1079 1959 cum
1124 1892 1335 1957 sedem
1380 1908 1627 1972 quoque
1666 1894 1882 1954 nostro
1921 1887 2178 1953 carmini
2202 1886 2568 1967 designave-

367 2003 580 2083 rimus,
626 2019 1004 2084 quaeramus
1039 1999 1192 2082 jam,
1255 2016 1402 2063 num
1447 1997 1596 2079 quid
1641 2016 1717 2062 ex
1762 2015 1836 2063 eo
1878 1997 1956 2060 de
1999 1996 2203 2061 causis
2240 2000 2455 2060 tantae
2499 1993 2567 2057 in

366 2109 684 2174 codicibus
719 2106 1215 2190 perturbationis
1262 2106 1572 2188 conjicere
1615 2105 1819 2170 liceat.
1885 2104 2127 2169 Novum
2172 2104 2335 2168 enim
2380 2099 2569 2167 habe-

367 2237 506 2283 mus
548 2226 612 2283 et
654 2236 806 2283 sane
850 2216 1407 2281 luculentissimum
1453 2215 1823 2297 exemplum,
1867 2234 1901 2280 e
1945 2233 2067 2297 quo
2112 2232 2299 2296 quam
2345 2212 2570 2277 dilace-

373 2335 515 2395 rata
558 2329 643 2393 sit
685 2328 965 2393 codicum
1012 2323 1230 2407 forma,
1302 2344 1678 2408 cognoscere
1721 2325 2050 2410 possimus.
2120 2324 2420 2390 Videmus
2462 2341 2571 2388 sex

367 2455 604 2517 versuS‚
653 2436 817 2501 inter
854 2454 922 2501 se
979 2435 1302 2517 aptissime
1344 2453 1552 2515 nexos
1623 2435 1702 2499 de
1745 2453 1858 2499 suo
1903 2436 2039 2508 loco
2083 2440 2357 2501 remotos
2401 2438 2466 2498 et
2507 2434 2569 2497 in

358 2547 497 2612 loco
567 2562 827 2626 prorsus
894 2546 1096 2611 alieno
1174 2546 1509 2610 collocatos
1555 2562 1708 2609 esse.
1793 2544 2072 2626 HuJusce
2116 2545 2271 2610 satis
2315 2543 2571 2610 audacis

366 2656 875 2737 transpositionis
941 2674 1087 2720 num
1153 2654 1460 2720 rationem
1527 2654 1793 2719 reddere
1831 2652 2220 2735 poterimus?
2308 2652 2428 2717 Sed
2472 2651 2574 2716 hic

365 2766 566 2847 magis
602 2765 751 2846 quid
796 2782 917 2830 non
962 2765 1061 2844 sit,
1109 2783 1297 2846 quam
1343 2764 1490 2846 quid
1537 2765 1621 2829 sit
1662 2770 1945 2829 statuere
1989 2763 2219 2844 licebit,
2255 2782 2393 2829 cum
2423 2781 2575 2828 non-

359 2872 505 2937 dum
562 2873 639 2937 ad
706 2871 895 2939 finem
953 2874 1328 2955 perductum
1383 2891 1519 2938 esse
1589 2891 1902 2954 magnum,
1989 2873 2094 2956 qui
2134 2872 2311 2937 nobis
2354 2877 2575 2952 restat,

360 2984 662 3067 laborem,
695 2986 826 3067 jam
871 3005 1065 3069 supra
1110 2987 1525 3052 docuerimus.
1586 2986 1723 3051 Hoc
1763 3004 1912 3050 vero
1958 3003 2097 3051 meo
2134 2985 2280 3066 Jure
2322 2990 2575 3050 conten-

363 3092 584 3173 derim,
655 3095 935 3159 criticam
997 3095 1194 3160 nostri
1255 3094 1547 3159 carminis
1605 3093 2022 3160 conditionem
2069 3095 2322 3159 minime
2362 3093 2577 3160 favere

362 3202 768 3284 Hertzbergii
816 3205 1185 3285 sententiae,
1244 3205 1349 3286 qui
1392 3205 1673 3282 Quaestt.
1721 3207 1908 3287 Prop.
1951 3225 2011 3287 p.
2059 3210 2390 3270 213—223
2435 3224 2576 3270 con-

367 3312 598 3378 tendit:
677 3312 915 3376 nullum
958 3321 1214 3394 praeter
1270 3314 1539 3396 primum
1589 3313 1816 3380 librum
1862 3336 1899 3381 a
1944 3318 2276 3399 Propertio
2324 3317 2578 3389 editum,

362 3421 642 3501 reliquos
689 3421 1031 3488 amicorum
1070 3424 1237 3494 curis
1279 3423 1513 3505 publici
1569 3423 1733 3506 juris
1792 3423 1991 3490 factos
2037 3432 2100 3490 et
2144 3426 2326 3490 nimis
2371 3427 2580 3507 negle-

367 3538 593 3612 genter
640 3532 919 3612 digestos
964 3551 1122 3598 esse.
1202 3533 1379 3611 Quod
1427 3533 1682 3615 quidem
1728 3533 1790 3598 in
1822 3541 2100 3599 nostram
2124 3534 2382 3617 elegiam
2410 3536 2579 3600 nullo

369 3640 557 3706 modo
607 3641 895 3723 quadrat.
960 3645 1053 3707 An
1100 3650 1168 3708 tu
1214 3649 1456 3708 tantam
1500 3642 1692 3708 fuisse
1736 3644 2075 3708 amicorum
2122 3644 2579 3725 neglegentiam

368 3755 572 3832 putaS‚
617 3756 690 3815 ut
728 3752 997 3832 primum
1046 3752 1309 3834 simplex
1352 3752 1502 3818 illud
1550 3760 1614 3818 et
1660 3749 2091 3818 brevissimum
2136 3771 2384 3819 carmen
2430 3753 2581 3818 duo-

374 3859 570 3925 decim
618 3878 913 3927 versuum
975 3863 1038 3928 in
1080 3861 1431 3943 complures
1478 3861 1906 3927 discinderent
1949 3869 2181 3943 partes,
2252 3862 2392 3926 dein
2436 3878 2584 3926 vero

366 3973 569 4055 (quod
631 3974 827 4039 multo
881 3975 1068 4040 etiam
1127 3974 1332 4039 minus
1375 3974 1715 4038 verisimile
1773 3975 1896 4054 est)
1931 3975 2169 4055 primos
2214 3994 2322 4040 sex
2367 3994 2584 4041 versus

369 4085 431 4149 in
478 4086 686 4151 alieno
738 4087 1117 4154 collocarent
1160 4094 1320 4169 loco,
1364 4088 1467 4154 ubi
1502 4089 1972 4169 interrumpunt
1999 4089 2300 4169 optimum
2340 4095 2585 4153 senten·
2620 4101 2621 4104 ’

364 4197 597 4261 tiarum
675 4195 956 4262 ordinem
1034 4205 1097 4263 et
1155 4200 1340 4279 plane
1384 4217 1571 4264 sensu
1632 4198 1893 4263 carent?
1972 4196 2156 4262 Certe
2201 4197 2427 4261 nemini
2471 4195 2587 4261 hoc

367 4308 772 4390 persuadeas.
849 4291 1429 4391 comprobaverunt
1486 4310 1886 4393 Hertzbergii
1948 4310 2320 4382 sententiam
2396 4313 2587 4377 Bern-

2168 4422 2209 4479 4
