3082 4688
1350 247 1740 307 ...g-.-

482 473 514 495 s
1092 429 1255 493 veris
1300 428 1639 509 descriptio
1685 448 1740 493 v,
1790 433 1996 492 7-—24

1089 537 1348 600 aestatis
1454 586 1482 615 „
1749 540 1998 600 25—36

1094 640 1413 710 auctumni
1455 697 1484 725 „
1744 651 1991 711 37-42

861 819 866 824 ,
1096 753 1314 818 hiemis
1454 805 1482 834 „
1744 739 1991 819 43-48

463 862 695 942 Magna
724 881 860 924 cum
893 868 1029 926 arte
1053 869 1257 943 poeta,
1296 881 1456 944 quae
1500 862 1767 927 maxime
1804 862 2062 944 propria
2099 870 2246 926 sunt
2280 862 2669 942 uniuscujus0

462 991 582 1052 que
656 972 988 1053 temporiS‚
1056 973 1294 1038 invenit
1364 980 1427 1038 et
1490 973 1839 1053 descripsit.
1917 1007 1996 1019 —
2073 971 2412 1036 Videamus
2486 991 2666 1052 nunc,

464 1097 769 1159 quaenam
818 1080 1084 1160 vestigia
1141 1079 1326 1159 hujus
1388 1081 1730 1144 communis
1775 1081 2002 1145 vinculi
2061 1081 2121 1144 in
2170 1080 2430 1160 singulis
2474 1079 2670 1161 parti-

465 1189 581 1254 bus
624 1208 1069 1270 cognoscamus
1114 1197 1177 1255 et
1221 1210 1343 1273 quo
1389 1191 1573 1255 modo
1619 1191 1939 1272 aptissime
1983 1191 2191 1255 omnia
2236 1191 2548 1271 quadrent
2591 1189 2671 1254 ad

466 1296 624 1361 hanc
667 1295 1117 1361 firmissismam
1165 1297 1447 1363 formam.
1500 1335 1578 1343 ——
2329 1289 2333 1293 ⁶

634 1404 911 1467 Primum
977 1405 1173 1484 igitur
1212 1425 1327 1468 ver
1361 1405 1706 1488 pulchrum
1757 1410 2218 1490 appropinquat
2272 1409 2674 1491 laboremque

466 1534 758 1595 magnum
802 1516 1049 1580 serendi
1096 1523 1159 1582 et
1203 1518 1338 1599 agri
1386 1515 1625 1583 colendi
1665 1521 1895 1584 rustico
1923 1519 2123 1584 affert.
2211 1520 2673 1601 CognoscimuS‚

467 1623 859 1704 conjunctam
914 1643 1049 1689 esse
1108 1625 1268 1690 hanc
1326 1632 1572 1707 partem
1621 1647 1758 1692 cum
1804 1629 2121 1710 prooemio
2167 1636 2357 1709 atque
2411 1630 2500 1694 sic
2542 1630 2675 1696 fere

467 1734 751 1815 procedit
798 1735 1139 1831 sententia:
1186 1736 1325 1800 Non
1373 1754 1523 1800 curo
1570 1737 1836 1816 divitias,
1892 1738 2041 1801 mihi
2088 1739 2216 1802 vita
2255 1740 2489 1804 rustica
2533 1760 2674 1805 con-

471 1851 646 1909 tento
693 1843 809 1910 hoc
853 1865 1045 1909 unum
1092 1831 1490 1926 concedatur,
1535 1855 1607 1912 ut

807 1956 943 2036 ipse
986 1973 1190 2021 seram
1237 1962 1488 2021 teneras
1524 1963 1774 2021 maturo
1820 1966 2103 2039 tempore
2147 1960 2306 2023 vites

808 2062 1081 2127 rusticus
1128 2069 1192 2127 et
1234 2062 1402 2128 facili
1448 2065 1714 2145 grandia
1757 2085 1943 2146 poma
1987 2084 2193 2130 manu.

474 2169 657 2234 Unde
699 2169 816 2234 hoc
858 2171 1047 2235 etiam
1093 2170 1385 2251 colligere
1428 2171 1601 2250 licet‚-
1639 2173 1699 2236 in
1743 2175 2121 2254 precationis
2165 2175 2432 2254 speciem
2479 2181 2675 2238 totam
2740 2190 2745 2194 ·

470 2281 637 2344 vitae
707 2281 943 2344 rustiae
1014 2278 1282 2362 effigiem
1340 2281 1660 2347 redactam
1725 2302 1888 2363 esse,
1954 2283 2015 2347 id
2075 2283 2241 2365 quod
2306 2303 2380 2347 ex
2442 2283 2677 2348 ultimis

471 2409 722 2471 quoque
766 2389 1051 2455 versibus
1099 2391 1290 2455 totius
1326 2391 1527 2472 partis
1573 2394 1689 2472 (sq.
1738 2392 1844 2472 60)
1890 2411 2263 2472 cognoscas:

1162 2499 1277 2564 hoc
1321 2499 1470 2563 mihi
1516 2502 1840 2580 contingat
1885 2508 2003 2565 etc.

473 2607 874 2688 quamobrem
922 2614 985 2672 et
1028 2607 1128 2673 hic
1186 2616 1249 2673 et
1290 2610 1431 2674 aliis
1472 2609 1624 2674 locis
1667 2611 2128 2691 conjunctivum
2191 2610 2460 2690 positum
2508 2608 2678 2671 vide-

443 2727 629 2782 'mus
707 2717 1023 2781 Maturum
1060 2735 1210 2780 vero
1255 2725 1500 2798 tempus
1543 2718 1692 2797 quid
1730 2717 1826 2781 hic
1862 2717 2030 2780 aliud
2068 2716 2420 2795 significare
2455 2722 2681 2796 potest,

475 2827 591 2892 nisi
643 2827 795 2891 ver?
841 2864 919 2873 —-
964 2827 1223 2891 Invocat
1258 2826 1540 2891 Tibullus
1588 2832 1668 2904 (9.
1721 2825 1826 2909 10)
1872 2827 2056 2907 Spem
2095 2825 2272 2890 deam
2312 2824 2682 2907 (comprobo

476 2936 639 3001 enim
688 2934 1012 2999 Ribbeckii
1056 2936 1460 3012 sententiam,
1520 2935 1626 3015 qui
1683 2953 1826 3015 pag.
1875 2939 1909 2997 7
1957 2933 2443 3009 domonstravit,
2502 2931 2682 2995 deam

476 3043 593 3107 hoc
653 3044 787 3107 loco
845 3042 1388 3124 intellelegendam
1448 3042 1644 3124 esse),
1702 3043 1763 3106 in
1820 3042 1996 3122 cujus
2040 3048 2353 3122 potestate
2409 3047 2545 3104 tota
2588 3048 2685 3104 est

476 3154 895 3235 agricolarum
943 3152 1214 3230 fortuna,
1260 3159 1330 3217 ut

889 3259 1140 3342 frugum
1185 3279 1432 3341 semper
1477 3278 1734 3324 acervos

896 3369 1199 3451 praebeat
1234 3376 1298 3433 et
1338 3369 1522 3450 pleno
1566 3369 1825 3450 pinquia
1867 3376 2076 3432 musta
2118 3370 2276 3433 lacu.

478 3483 695 3564 Neque
731 3481 1053 3561 indignum
1097 3499 1164 3545 se
1201 3498 1354 3558 esse,
1400 3480 1499 3544 cui
1541 3476 1751 3545 faveat
1786 3479 1922 3559 dea,
1959 3478 2362 3560 sequentibus
2402 3475 2684 3541 versibus

479 3592 763 3674 exponit:
815 3589 1100 3655 omnibus
1144 3589 1305 3654 enim
1345 3589 1478 3664 ,diis
1521 3587 1882 3669 deabusque
1943 3607 2204 3652 munera
2246 3606 2312 3649 se
2357 3584 2554 3665 ferre,
2621 3595 2686 3650 et
2742 3639 2748 3647 .

478 3716 661 3765 sacra
715 3699 927 3763 debita
986 3698 1219 3776 facere,
1288 3698 1580 3761 Termino
1642 3697 1765 3778 (ll.
1832 3695 1962 3778 12.)
2050 3695 2301 3760 Silvano
2360 3699 2494 3769 (13.
2564 3692 2686 3777 14.)

482 3809 698 3875 Cereri
743 3810 871 3888 (15.
913 3808 1043 3881 46.)
1116 3805 1348 3885 Priapo
1394 3805 1518 3883 (17.
1567 3804 1688 3885 18.)
1756 3804 2023 3868 Laribus
2064 3805 2188 3882 (19.
2235 3802 2379 3880 20.).
2460 3803 2687 3869 Perve-

481 3916 684 3980 nimus
747 3916 806 3978 in
866 3914 982 3977 hac
1041 3918 1222 3994 parte
1281 3930 1477 3993 usque
1537 3911 1616 3977 ad
1678 3911 1920 3975 finitum
1982 3910 2229 3975 serendi
2274 3918 2337 3976 et
2382 3914 2519 3992 agri
2588 3932 2686 3978 co-

479 4026 650 4093 lendi
693 4026 969 4091 laborem
1017 4034 1080 4089 et
1123 4023 1272 4105 quid
1314 4022 1485 4089 aliud
1527 4022 1648 4087 nisi
1687 4027 1835 4087 vota
1880 4029 2219 4103 supersunt
2258 4023 2687 4088 rusticorum?

483 4157 646 4221 quae
685 4136 974 4204 audimus
1013 4135 1200 4201 etiam
1249 4153 1303 4199 v.
1352 4121 1456 4197 2²4⁶:
