3082 4688
1455 283 1868 346 -20.....

748 458 895 523 dum
948 478 1123 526 meus
1166 461 1419 528 assiduo
1474 470 1690 529 luceat
1733 465 1879 546 igne
1921 465 2114 535 focus.

669 567 711 630 9
757 586 872 632 nec
922 567 1077 650 Spes
1124 569 1447 651 destituat,
1493 573 1602 636 sed
1648 572 1900 655 frugum
1946 594 2194 659 semper
2237 598 2498 645 acervos

746 676 1053 756 praebeat
1100 682 1164 742 et
1200 678 1385 759 pleno
1432 680 1693 762 pinguia
1737 689 1947 749 musta
1992 685 2150 750 lacu.

618 785 711 848 25
756 805 795 851 a
844 787 1029 851 modo
1076 806 1238 852 nunc
1282 789 1517 869 possim
1566 797 1897 857 contentus
1943 795 2162 859 vivere
2208 814 2407 876 parvo

743 915 858 962 nec
903 915 1152 979 semper
1199 899 1424 980 longae
1470 901 1720 966 deditus
1764 921 1905 969 esse
1950 904 2108 984 viae,

746 1007 856 1072 sed
903 1008 1074 1072 canis
1110 1009 1383 1074 aestivos
1441 1018 1619 1076 ortus
1665 1012 1869 1077 vitare
1913 1012 2029 1078 sub¹
2075 1013 2300 1080 umbra

741 1117 988 1183 arboris
1035 1117 1115 1182 ad
1160 1118 1330 1184 rivos
1373 1103 1841 1201 praetereuntis
1886 1125 2126 1204 aquae!

661 1226 700 1290 7
741 1228 885 1309 Ipse
929 1246 1136 1292 seram
1180 1235 1431 1294 teneras
1480 1237 1731 1296 maturo
1777 1238 2061 1314 tempore
2108 1234 2270 1301 vites

748 1335 1020 1400 rusticus
1067 1343 1130 1401 et
1173 1335 1341 1401 facili
1388 1338 1656 1418 grandia
1700 1358 1887 1420 poma
1931 1360 2157 1422 manu;

616 1443 709 1508 29
756 1463 867 1509 nec
910 1450 1119 1510 tamen
1163 1445 1477 1511 interdum
1523 1447 1762 1528 pudeat
1799 1450 2076 1515 tenuisse
2121 1450 2408 1518 bidentes

741 1561 852 1621 aut
896 1556 1150 1621 stimulo
1196 1556 1413 1621 tardos
1455 1557 1842 1639 increpuisse
1880 1557 2090 1639 boveS,

742 1684 871 1729 non
920 1685 1226 1747 agnamve
1269 1667 1408 1731 sinu
1454 1667 1672 1748 pigeat
1717 1666 1992 1733 fetumve
2038 1669 2316 1750 capellae

744 1773 1064 1840 desertum
1111 1760 1305 1840 oblita
1343 1781 1546 1841 matre
1587 1775 1827 1841 referre
1871 1776 2140 1840 domum.

744 1887 812 1946 at
857 1900 967 1947 vos
1011 1884 1235 1964 exiguo
1280 1884 1511 1965 pecori,
1567 1884 1865 1966 furesque
1909 1885 2181 1966 lupique,

744 1993 1017 2073 parcite:
1064 1993 1140 2058 de
1183 2013 1411 2074 magno
1458 2000 1556 2059 est
1604 1995 1842 2076 praeda
1884 1997 2154 2078 petenda
2196 2016 2409 2078 grege.

619 2100 701 2164 11
743 2120 886 2167 nam
934 2121 1216 2182 veneror,
1261 2122 1372 2168 seu
1417 2105 1613 2185 stipes
1658 2104 1849 2169 habet
1888 2105 2177 2169 desertus
2221 2107 2285 2169 in
2325 2109 2496 2186 agris

746 2231 858 2278 seu
905 2220 1084 2278 vetus
1129 2208 1193 2278 ifi
1236 2214 1425 2279 trivio
1471 2213 1668 2279 florea
1710 2220 1882 2279 serta
1928 2215 2106 2296 lapis,

616 2318 706 2385 35
750 2320 848 2387 hic
895 2341 1011 2404 ego
1057 2327 1501 2405 pastoremque
1546 2341 1752 2389 meum
1799 2324 2076 2390 lustrare
2115 2331 2269 2407 quot
2311 2326 2490 2392 aunis

745 2439 810 2499 et
851 2434 1163 2517 placidam
1202 2435 1392 2500 soleo.
1418 2453 1721 2517 spargere
1767 2436 1930 2502 lacte
1973 2437 2225 2516 Palem3

619 2541 703 2606 13
746 2547 810 2607 et
853 2542 1269 2624 quodcunque
1314 2542 1463 2607 mihi
1507 2563 1762 2626 pomum
1812 2564 2009 2609 novus
2068 2546 2295 2610 educat
2337 2564 2538 2609 annus

743 2649 1004 2714 libatum
1051 2651 1390 2729 agricolam
1441 2652 1698 2731 ponitur
1743 2659 1890 2717 ante
1927 2653 2129 2717 deum.

743 2758 906 2825 flava
942 2759 1148 2837 Ceres,
1194 2758 1308 2824 tibi
1353 2760 1436 2825 sit
1475 2765 1693 2825 nostro
1739 2760 1817 2824 de
1862 2779 2012 2824 rure
2050 2778 2302 2824 corona.

745 2868 973 2950 spicea,
1015 2887 1177 2949 quae
1222 2868 1438 2949 templi
1484 2866 1756 2948 pendeat
1804 2873 1949 2931 ante
1989 2866 2187 2944 fores3

743 2977 1141 3059 pomosisque
1181 2975 1371 3041 ruber
1416 2981 1627 3041 custos
1672 2984 1945 3056 ponatur
1983 2976 2048 3041 in
2095 2975 2294 3040 hortis

748 3094 988 3153 terreat
1032 3095 1101 3153 ut
1145 3106 1334 3153 saeva
1375 3085 1534 3152 falce
1579 3086 1849 3168 Priapus
1889 3106 2057 3151 aves.

753 3217 865 3263 vos
910 3216 1177 3280 quoque,
1220 3195 1419 3262 felicis
1461 3195 1795 3277 quondam,
1854 3215 2018 3262 nunc
2061 3198 2357 3280 pauperis
2401 3200 2541 3280 agri

746 3307 1053 3388 custodeS,
1096 3306 1274 3374 fertis
1319 3325 1583 3373 munera
1626 3313 1855 3387 vestra,
1910 3307 2124 3374 Lares.

745 3425 894 3492 tunc
938 3417 1137 3483 vitula
1178 3417 1539 3482 innumeros
1582 3415 1896 3483 lustrabat
1937 3435 2121 3483 caesa
2154 3417 2474 3499 juvencos

750 3545 914 3592 nunc
956 3544 1123 3606 agna
1165 3524 1374 3606 exigui
1413 3532 1510 3591 est
1554 3524 1761 3591 hostia
1803 3544 2004 3607 parva
2049 3526 2185 3591 soli.

750 3639 935 3718 Agna
981 3636 1163 3702 cadet
1207 3635 1402 3717 vobiS,
1448 3654 1637 3717 quam
1685 3635 1918 3702 circum
1968 3636 2206 3701 rustica
2263 3633 2459 3715 pubes

620 3747 716 3812 24
759 3749 1007 3827 clamet,
1050 3747 1111 3813 io
1155 3765 1390 3813 messes
1429 3752 1493 3812 et
1532 3746 1698 3813 bona
1756 3746 1903 3812 vina
1947 3745 2125 3810 date!

619 3857 707 3922 37
748 3856 967 3923 adsitis
1011 3856 1157 3937 divi,
1213 3874 1326 3922 nec
1369 3874 1478 3921 vos
1523 3874 1559 3920 e
1601 3872 1880 3937 paupere
1938 3871 2154 3918 mensa
2196 3869 2331 3934 sqq.

2681 914 2756 973 10

2668 1462 2742 1521 15

2666 2004 2746 2062 20

2666 2553 2747 2610 25

2665 3094 2747 3154 30

2671 3637 2751 3697 35

555 3967 780 4033 Nescio
826 3984 907 4032 an
952 3984 1273 4048 nunquam
1317 3964 1576 4030 carmini
1621 3962 1883 4045 pulchro
1926 3961 2126 4043 maior
2170 3960 2378 4026 clades
2422 3960 2617 4026 allata
2658 3960 2758 4025 sit.

544 4078 890 4145 Continuas
966 4076 1418 4160 descriptiones
1477 4074 1759 4156 direptas
1826 4072 2126 4151 videmus
2200 4070 2596 4138 disturbatus
2661 4075 2758 4135 est

546 4185 945 4269 gratissimus
989 4190 1342 4268 temporum
1396 4183 1572 4266 ordo,
1644 4186 1716 4249 ut
1752 4180 1929 4248 brevi
1967 4182 2189 4263 dicam,
2255 4186 2435 4247 tanta
2479 4178 2755 4245 omnium
