3082 4688
1275 312 1694 407 -5-15—

367 497 827 564 consentientes
885 515 1103 561 versus
1164 501 1240 560 37
1288 513 1420 577 sqq.
1487 493 1792 575 (Haasius
1851 513 1906 556 v.
1963 500 2041 560 35
2077 494 2243 578 sqq.)
2297 495 2578 559 inserue-

369 614 518 675 runt
557 613 705 689 post
737 625 793 671 v.
822 611 935 684 243
982 623 1358 688 quamquam
1407 605 1801 683 RibbeckiuS,
1847 623 1885 668 a
1916 604 2141 668 ceteris
2188 603 2586 682 dissentienS,

343 717 618 795 statuit,
662 734 783 780 non
825 733 1039 779 omnes
1085 713 1252 793 deoS‚
1306 714 1414 777 sed
1460 714 1626 778 solos
1669 714 1864 778 Lares
1908 713 2204 778 invocari.
2249 748 2328 756 —
2379 712 2587 776 Facile

370 812 835 909 cognoscimus,
879 824 1045 889 hunc
1080 842 1329 906 quoque
1375 842 1655 888 errorem
1700 822 1961 888 eandem
2001 822 2235 887 habere
2279 822 2586 903 originem

376 945 566 1019 atque
626 936 899 1018 reliquos
954 954 1169 1001 omnes
1268 934 1506 999 scilicet
1568 935 1734 1016 quod
1809 934 1901 998 illi
1963 934 2081 998 viri
2141 933 2463 999 consilium
2525 938 2590 997 et

378 1064 701 1111 commune
763 1046 1077 1110 vinculum
1145 1044 1534 1125 singularum
1601 1044 1878 1125 partium
1949 1063 2072 1108 non
2138 1050 2585 1124 cognoverunt.

381 1155 699 1220 Dissenius
742 1172 924 1233 vero,
975 1170 1099 1234 quo
1145 1152 1328 1217 modo
1372 1151 1485 1216 hos
1530 1170 1778 1234 quoque
1824 1171 2042 1216 versus
2094 1170 2207 1216 suo
2263 1151 2396 1229 loco
2443 1151 2593 1214 reti-

380 1267 609 1333 nendos
666 1264 1222 1342 demonstraverit,
1265 1264 1397 1345 jam
1457 1282 1651 1344 supra
1693 1262 1991 1341 vidimuS,
2064 1281 2177 1326 nec
2234 1260 2434 1342 magis
2491 1259 2590 1324 hic

372 1379 561 1456 'quam
587 1375 745 1439 <aliis
789 1374 941 1439 locis
985 1370 1443 1438 consentientes
1487 1391 1599 1436 nos
1640 1371 1846 1437 habet.
1893 1406 1970 1417 —

542 1506 686 1571 Jam
731 1511 1010 1570 nostram
1049 1504 1422 1569 sententiam
1470 1522 1781 1585 exponere
1818 1503 2020 1583 liceat,
2069 1510 2137 1568 ut
2180 1502 2433 1568 tandem
2481 1499 2591 1565 ali-

375 1612 623 1695 quando
667 1629 743 1676 ex
787 1630 1076 1677 errorum
1125 1612 1423 1692 voragine
1466 1630 1860 1692 emergamus
1904 1619 1970 1676 et
2006 1610 2315 1692 quomodo
2354 1609 2587 1690 optime

378 1723 777 1788 continuetur
834 1721 932 1785 his
988 1720 1273 1785 versibus
1331 1722 1785 1785 sententiarum
1834 1740 2062 1800 nexuS,
2118 1721 2591 1802 perspiciamus,

384 1833 538 1897 Cum
582 1833 777 1912 igitur
820 1833 884 1894 in
929 1831 1320 1896 antecedenti
1356 1836 1539 1912 parte
1582 1836 1786 1912 poeta,
1831 1831 2034 1912 qualis
2079 1831 2211 1894 vita
2254 1848 2369 1894 sua
2428 1834 2594 1893 esset

386 1955 584 2017 usque
620 1937 698 2002 ad
744 1956 1024 2018 messem,
1066 1940 1468 2017 narravisset,
1505 1938 1674 2020 quid,
1718 1956 1985 2020 quaero,
2028 1938 2428 2002 verisimilius
2483 1946 2596 2015 est,

382 2066 568 2128 quam
616 2066 779 2112 nunc
821 2048 995 2128 sequi
1036 2049 1231 2129 ipsius
1275 2049 1492 2114 messis
1538 2048 2067 2130 descriptionem?
2153 2048 2373 2113 Nonne
2429 2047 2597 2112 desi-

381 2159 712 2222 deraretur
754 2157 989 2239 aliquid
1039 2158 1099 2222 in
1143 2159 1504 2246 gratissima
1547 2159 1716 2223 vitae
1759 2159 2031 2223 rusticae
2069 2157 2319 2240 effigie,
2382 2158 2434 2223 si
2478 2157 2595 2222 hoc

379 2265 581 2344 ipsum
642 2265 939 2328 omissum
998 2273 1196 2344 esset,
1254 2267 1420 2349 quod
1475 2268 1813 2332 maximum
1857 2267 2155 2348 gaudium
2203 2267 2434 2332 rustico
2501 2264 2594 2331 af-

387 2374 519 2438 fere
572 2374 775 2439 solet?
862 2374 1001 2439 Non
1060 2395 1349 2455 mancus,
1408 2376 1558 2441 mihi
1603 2378 1824 2456 crede,
1888 2375 2115 2442 artifex
2174 2384 2269 2442 est
2313 2376 2598 2441 Tibullus

395 2483 890 2565 invenimusque,
950 2484 1117 2566 quod
1162 2494 1378 2550 nostro
1408 2487 1555 2567 jure
1601 2488 1995 2567 quaerimus,
2046 2487 2331 2552 versibus
2377 2493 2454 2552 37
2502 2505 2608 2567 sq·

393 2591 665 2657 breviter
706 2594 987 2675 quidem,
1048 2594 1156 2659 sed
1218 2614 1339 2660 non
1396 2596 1599 2661 minus
1642 2597 1902 2677 pulchre
1947 2614 2137 2678 quam
2178 2606 2422 2678 cetera,
2494 2617 2591 2662 ex—

390 2718 704 2780 pressum;
760 2703 856 2765 vei
904 2700 1021 2766 hoc
1065 2702 1267 2784 ipsum
1311 2704 1374 2767 in
1420 2709 1608 2784 poeta
1651 2705 1866 2771 mirari
1902 2705 2225 2785 debemuS,
2270 2706 2588 2788 quantulis

389 2807 594 2872 verbis
637 2816 875 2888 quanta
919 2816 983 2874 et
1026 2828 1214 2891 quam
1256 2812 1476 2892 gravia
1533 2812 1779 2878 dixerit.
1826 2848 1902 2859 —-
1950 2814 2115 2877 Dum
2170 2814 2365 2894 igitur
2416 2819 2600 2894 grato

388 2919 516 2983 otio
582 2920 854 2984 rusticus
902 2920 1145 2985 fruitur
1201 2940 1552 3004 gregesque
1622 2932 1820 3003 curat,
1875 2923 2254 3004 procedente
2313 2931 2597 3004 tempore

388 3035 634 3110 segetes
676 3030 840 3094 laete
883 3038 1219 3096 creverunt
1263 3038 1452 3112 atque
1497 3051 1552 3095 v.
1593 3036 1670 3096 37
1714 3050 1847 3113 sqq.
1891 3033 1956 3095 in
2000 3031 2206 3096 media
2249 3049 2596 3095 messorum

394 3137 621 3217 gaudia
668 3138 1140 3203 introducimur.
1212 3140 1347 3204 Hac
1392 3158 1609 3225 messe,
1653 3141 1885 3221 quippe
1942 3157 2104 3221 quae
2139 3137 2604 3220 jucundissima

396 3254 459 3312 et
501 3248 768 3313 maxime
811 3252 1070 3330 propria
1108 3268 1258 3331 pars
1304 3251 1388 3315 sit
1430 3251 1786 3330 auctumni,
1830 3249 2012 3314 simul
2063 3250 2256 3315 totius
2308 3249 2608 3331 temporis

393 3345 735 3441 descriptio
779 3361 1168 3438 continetur,
1229 3378 1418 3465 quam
1464 3359 1895 3441 imperfectam
1957 3380 2104 3425 num
2147 3379 2283 3425 esse
2326 3359 2603 3425 dicemus

395 3476 460 3533 et
506 3470 898 3551 inchoatam,
955 3471 1120 3552 quod
1168 3470 1501 3537 verborum
1549 3480 1765 3538 careat
1807 3474 2039 3537 tinnitu
2081 3480 2145 3538 et
2195 3472 2440 3554 loquaci
2485 3471 2610 3536 sin-

396 3579 687 3659 gularum
775 3599 988 3645 rerum
1070 3579 1517 3646 enarratione?
1583 3617 1660 3624 —
1729 3581 2168 3646 Convocantur
2252 3581 2448 3661 igitur
2528 3580 2608 3644 ad

392 3707 735 3770 pauperem
781 3708 1059 3755 mensam
1104 3697 1274 3756 certe
1318 3709 1531 3757 omnes
1578 3692 1662 3755 dii
1708 3691 2005 3773 deaeque,
2062 3710 2182 3756 non
2229 3691 2426 3757 Lares
2468 3691 2603 3771 soli,

392 3807 463 3863 ut
506 3800 880 3881 gaudiorum
922 3802 1048 3866 sint
1092 3802 1464 3883 participes:
1517 3820 1733 3866 omnes
1778 3804 1941 3867 enim
2001 3802 2336 3883 plurimum
2382 3808 2599 3867 contu-

392 3909 601 3973 lerunt
663 3909 742 3974 ad
801 3910 1030 3974 bouum
1092 3917 1155 3973 et
1205 3909 1437 3974 laetum
1503 3911 1736 3993 segetis
1794 3912 2264 3977 incrementum.
2366 3911 2599 3993 Magna

396 4020 628 4099 gaudia
672 4026 819 4084 sunt
863 4000 1228 4099 messorum,
1273 4021 1560 4101 quamvis
1605 4041 1725 4086 non
1770 4021 2121 4087 uberrimos
2168 4021 2308 4086 illos
2352 4020 2592 4086 fructus

409 4150 563 4212 ager
604 4132 839 4211 tulerit,
883 4150 1071 4214 quam
