3082 4688
1383 305 1794 367 ...12-

494 500 630 547 esse
675 501 915 565 cense0,
959 485 1189 567 quippe
1232 505 1392 567 quac
1435 495 1546 552 aut
1606 488 1789 553 nimis
1835 489 2176 554 arcessitae
2225 490 2349 553 sint
2397 495 2507 552 aut
2553 506 2692 552 ver-

493 612 675 657 suum
741 595 1227 677 transpositione
1299 596 1547 661 demum
1615 596 1890 663 effectae.
1942 599 2030 663 Ut
2079 600 2240 663 enim
2298 600 2376 664 de
2421 599 2689 663 Dissenii

492 700 806 765 discedam
851 704 1182 781 sententia,
1225 706 1329 785 qui
1379 704 1556 783 „bic“
1606 706 1909 787 explicat:
1954 708 2016 770 in
2048 706 2166 772 hoc
2194 708 2421 785 exiguo
2450 727 2692 788 pecore,

492 814 557 874 et
601 809 836 889 Haasii,
883 811 989 891 qui
1019 812 1302 877 versibus
1349 819 1427 877 35
1474 832 1563 893 sq.
1612 814 1832 894 positis
1886 821 2033 895 post
2083 834 2136 877 ν.
2185 820 2283 893 24,
2333 813 2505 892 „h‘ic“
2556 833 2693 879 esse

497 917 680 983 dicit:
726 921 796 982 in
837 919 953 985 hoc
994 940 1179 985 sacro
1224 923 1689 987 anaba-realium
1731 924 2142 1002 (ambarvalia
2188 926 2350 989 euim
2396 927 2456 989 in
2502 926 2695 990 versi-

501 1030 617 1095 bus
664 1036 762 1095 23.
803 1037 900 1096 24.
947 1032 1252 1097 celebrari
1298 1035 1544 1114 putat),
1602 1039 1771 1099 certe
1817 1053 1893 1098 ne
1939 1034 2262 1100 Ribbeckii
2307 1035 2555 1117 quidem
2595 1056 2696 1101 ex-

500 1138 897 1218 plicationem
946 1141 1356 1221 comprobare
1396 1160 1651 1222 possum
1697 1144 1889 1207 variis
1935 1143 2011 1207 de
2055 1144 2278 1207 causis.
2349 1144 2463 1209 Hic
2501 1144 2697 1225 igitur

410 1330 423 1343 .
499 1267 556 1311 v.
604 1256 701 1313 35.
748 1250 828 1314 36
875 1251 1275 1331 transpositis
1334 1261 1477 1332 post
1520 1270 1768 1316 versum
1823 1258 1915 1316 ll.
1971 1260 2076 1318 12:

710 1378 852 1423 nam
911 1379 1177 1425 veneror
1234 1378 1342 1425 seu
1388 1362 1583 1442 stipes
1648 1360 1838 1427 habet
1882 1363 2167 1428 desertus
2213 1364 2273 1427 in
2319 1365 2489 1445 agris

707 1489 817 1534 seu
862 1478 1042 1535 vetus
1088 1472 1148 1534 in
1196 1471 1381 1535 trivio
1425 1470 1622 1536 florea
1666 1480 1837 1536 serta
1881 1474 2060 1554 lapis.

489 1580 603 1643 hic
646 1579 1001 1660 significare
1045 1582 1211 1646 vult:
1284 1583 1353 1644 in
1401 1602 1558 1666 cyro
1600 1602 1751 1645 meo,
1799 1584 2077 1648 Primum
2140 1604 2291 1649 vero
2337 1602 2555 1649 versus
2608 1591 2700 1649 ll.

509 1695 583 1753 12
636 1689 713 1753 de
775 1708 888 1753 suo
947 1690 1082 1755 loco
1144 1691 1378 1756 moveri
1444 1710 1567 1755 non
1616 1711 1827 1772 posse,
1885 1694 2012 1774 J’am
2061 1711 2254 1773 supra
2300 1692 2566 1757 vidimus
2625 1692 2703 1757 de

512 1799 677 1863 veris
726 1799 1143 1881 descriptione
1187 1801 1498 1880 dicentes3
1546 1802 1769 1866 deinde
1799 1821 1967 1883 vero,
2014 1823 2067 1866 v,
2098 1809 2194 1868 35.
2223 1809 2301 1868 36
2344 1803 2704 1868 retinendos

508 1926 646 1972 esse
707 1926 820 1971 suo
882 1909 1014 1973 loco
1084 1909 1477 1991 apertissime
1536 1909 1994 1975 demonstrabit
2061 1912 2446 1988 necessaria,
2519 1929 2704 1992 quam

520 2024 740 2098 postea
804 2018 1222 2099 inveniemus,
1302 2038 1593 2085 versuum
1661 2020 2031 2084 emendatio.
2101 2057 2173 2063 -υ
2284 2020 2707 2086 confiteamur

517 2128 803 2205 tandem,
866 2130 1149 2194 voculam
1216 2130 1386 2193 illam
1453 2135 1669 2194 nostro
1735 2130 1869 2193 loco
1940 2130 2110 2194 nullo
2179 2131 2362 2195 modo
2408 2131 2704 2212 explicari

511 2259 714 2321 posse,
780 2258 918 2303 cum
966 2239 1151 2321 plane
1209 2258 1393 2304 sensu
1443 2246 1674 2317 careat,
1746 2259 1858 2305 nec
1904 2259 2027 2321 quo
2071 2242 2402 2306 referenda
2440 2243 2539 2320 sit,
2613 2243 2702 2305 in-

505 2351 784 2431 tellegas,
831 2351 1171 2416 Praeterea
1213 2369 1362 2415 vero
1402 2350 1645 2415 initium
1697 2369 1945 2414 versus:
2023 2349 2158 2428 „hic
2202 2369 2318 2430 ego
2364 2358 2703 2431 pastorem-

506 2478 627 2540 que
672 2461 917 2524 meum“
966 2460 1234 2540 primum
1283 2460 1360 2524 ad
1409 2479 1548 2523 eam
1593 2455 1965 2524 senteutiam
2015 2477 2127 2522 nos
2159 2457 2347 2536 ducit,
2392 2458 2452 2521 in
2487 2459 2707 2522 vocula

515 2569 687 2648 „hic“
738 2571 1163 2634 accusativum
1209 2571 1425 2646 latere,
1472 2570 1578 2651 qui
1624 2569 2096 2651 conjungendus
2141 2569 2223 2632 sit
2251 2586 2386 2631 cum
2421 2569 2706 2649 sequenti

518 2681 1080 2761 „pastoremque“;
1148 2697 1561 2760 quamquam,
1605 2678 1657 2742 si
1729 2684 2090 2760 sequentem
2137 2677 2536 2759 adjungimus
2578 2697 2712 2743 ver-

509 2806 666 2867 sum,
713 2788 1022 2870 particula
1073 2790 1269 2869 „que“
1319 2789 1506 2852 etiam
1555 2788 1644 2852 illi
1694 2790 1831 2866 „et“
1866 2788 2245 2868 respondere
2281 2795 2507 2870 potest.
2554 2789 2707 2854 Cum

509 2917 660 2963 vero
707 2917 784 2962 ne
829 2897 1085 2961 minima
1129 2895 1376 2978 quidem
1424 2914 1614 2960 causa
1658 2896 1756 2973 sit,
1803 2914 1998 2976 quare
2043 2896 2230 2959 alium
2280 2895 2482 2959 locum
2521 2897 2709 2960 versi-

510 3008 628 3073 bus
674 3013 771 3072 35.
819 3013 916 3072 36.
962 3006 1375 3087 designemus,
1412 3005 1599 3069 aliam
1644 3005 1964 3086 ingrediar
2008 3004 2190 3083 viam,
2242 3023 2401 3085 quae
2448 3004 2709 3070 forsitan

516 3123 690 3182 recta
735 3117 1044 3182 videatur.
1090 3118 1468 3182 Persuasum
1515 3116 1678 3180 enim
1725 3115 1941 3193 habeo,
1986 3115 2046 3178 in
2093 3112 2284 3178 verbo
2327 3114 2500 3193 „hic“
2533 3121 2713 3180 vetus

513 3227 815 3293 librorum
877 3227 1094 3292 vitium
1163 3227 1380 3306 latere,
1458 3227 1623 3308 quod
1676 3227 1806 3307 jam
1864 3226 1926 3290 in
1986 3225 2199 3291 codice
2243 3227 2581 3308 archetypo
2617 3246 2714 3290 ex-

513 3338 766 3404 stiterit.
804 3327 809 3332 ’
851 3337 1047 3416 Quem
1114 3335 1517 3403 librariorum
1581 3355 1858 3401 errorem
1921 3355 2072 3400 sane
2130 3335 2296 3402 facili
2357 3355 2470 3401 nec
2531 3338 2716 3401 nimis

515 3447 734 3512 audaci
828 3447 1189 3528 conjectura
1277 3446 1633 3527 corrigenS,
1723 3445 1810 3509 sic
1903 3444 2199 3523 legendos
2283 3463 2420 3510 esse
2496 3463 2717 3510 versus

513 3556 831 3621 existimo:

723 3664 888 3729 hzmc
932 3684 1047 3746 ego
1089 3666 1551 3746 :pastoremque
1612 3681 1815 3726 meum
1860 3664 2133 3727 lustrare
2177 3662 2511 3740 quotannis

727 3782 792 3840 et
835 3775 1146 3856 placidam
1188 3774 1358 3838 soleo
1402 3791 1708 3852 spargere
1758 3772 1917 3835 lacte
1963 3770 2193 3834 Palem.

519 3883 679 3949 hanc
724 3882 1217 3947 emendationem
1276 3881 1327 3944 si
1391 3880 1637 3960 accipis,
1683 3881 1814 3961 jam
1863 3878 2035 3942 nulla
2080 3882 2365 3941 remanet
2409 3875 2719 3940 dubitatio

520 3995 949 4077 optimumque
1005 3993 1093 4056 illi
1139 4010 1359 4056 versus
1404 4010 1654 4055 sensum
1702 3968 2013 4053 ekbibent.
2096 3987 2249 4053 Cum
2311 3988 2472 4052 enim
2535 3987 2721 4050 rusti·

521 4123 630 4169 cus
675 4102 919 4167 furibus
963 4102 1249 4182 lupisque
1297 4100 1589 4164 dixisset:
1632 4098 1746 4178 „de
1793 4115 2019 4176 magno
2049 4102 2144 4160 est
2180 4094 2416 4176 praeda
2453 4093 2723 4175 petenda

521 4214 775 4297 grege“‚
820 4210 1230 4292 sequentibus
1273 4207 1559 4273 versibus
1605 4223 1855 4271 causam
1895 4202 2088 4283 addit,
2134 4221 2330 4284 quare
2361 4219 2473 4264 suo
2499 4199 2721 4279 exiguo
