3082 4688
1287 288 1659 349 -9-.

651 488 818 549 agna
861 469 1043 534 cadet
1084 468 1283 549 vobiS‚·
1321 487 1508 551 quam
1556 469 1792 534 circum
1837 466 2074 531 rustica
2118 463 2314 547 pubes

660 580 890 644 clamet
936 580 1013 644 ‘io
1058 599 1291 644 messes
1335 586 1397 646 et
1441 579 1608 644 bona
1651 579 1797 642 vina
1842 575 2025 642 date’.

380 687 680 752 Videmus
727 687 939 767 igitur,
993 688 1053 751 in
1096 687 1215 753 hac
1255 694 1437 769 parte
1480 688 1783 769 optimum
1828 686 2091 751 inveniri
2138 687 2591 751 sententiarum

379 817 642 876 nexum,
708 816 888 878 quem
950 816 1211 878 prorsus
1269 817 1388 862 non
1448 797 1827 862 intellexisse
1866 796 2275 895 Ribbeckium
2323 796 2419 877 (ut
2467 797 2594 861 alia

380 905 691 983 omittam)
756 924 831 969 ex
892 904 1007 970 hoc
1064 906 1331 971 maxime
1382 925 1754 987 cognoscaS,
1820 906 1984 987 quod
2031 926 2087 970 v.
2129 908 2186 970 6.
2232 911 2303 986 8,
2363 906 2589 987 quibus

378 1015 596 1096 incipit
630 1015 793 1079 veris
831 1013 1185 1097 descriptiO,
1224 1015 1723 1097 transponendos
1780 1035 1915 1080 esse
1953 1023 2236 1080 censeret
2286 1017 2349 1081 in
2384 1017 2588 1081 locum

377 1126 852 1206 ineptissimum.
940 1126 1069 1190 Nec
1130 1145 1249 1190 non
1298 1126 1414 1192 hoc
1458 1133 1667 1208 patet,
1733 1145 1860 1217 non
1900 1128 2432 1193 enumerationem
2477 1145 2591 1191 nos

379 1233 612 1298 habere
655 1235 1000 1313 agrestium
1045 1234 1340 1313 deorum,
1409 1235 1520 1300 sed
1560 1255 1666 1301 eos
1708 1236 2020 1319 artissime
2066 1256 2205 1302 cum
2250 1242 2387 1301 tota
2428 1237 2592 1302 veris

380 1342 796 1424 descriptione
861 1345 1224 1424 conjunctos
1283 1363 1452 1423 esse,
1523 1349 1597 1408 ut
1660 1343 1818 1409 hanc
1877 1344 2292 1410 necessariam
2344 1350 2588 1426 partem

379 1472 698 1534 nunquam
744 1453 1042 1518 divellere
1085 1455 1305 1534 possis
1370 1491 1427 1499 -
1490 1454 1662 1541 Idem
1706 1473 1857 1519 vero
1916 1455 2371 1520 sententiarum
2417 1455 2592 1534 ord0,

380 1583 583 1628 nonne
642 1564 704 1627 in
764 1564 1047 1645 sequenti
1109 1581 1355 1645 quoque
1413 1570 1597 1645 parte
1655 1564 2045 1644 inveniatur,
2118 1584 2279 1645 quae
2325 1564 2593 1629 maxime

378 1681 473 1740 est
518 1674 780 1739 luxata?
865 1674 1120 1740 Transit
1165 1676 1357 1755 igitur
1400 1681 1588 1755 poeta
1632 1673 1710 1739 ad

555 1783 836 1848 Aestatis
864 1783 1341 1868 descriptionem
1371 1784 1561 1867 (quae
1607 1785 1883 1866 pertinet
1925 1784 2067 1849 inde
2114 1805 2151 1849 a
2176 1804 2232 1848 v.
2263 1784 2356 1847 25
2397 1804 2597 1866 usque

391 1889 475 1953 ατί
516 1912 574 1954 v.
619 1891 749 1969 36).
836 1892 1144 1958 Sementis
1190 1901 1286 1957 est
1330 1891 1516 1973 facta,
1562 1893 1680 1958 diis
1723 1912 1984 1958 munera
2025 1900 2175 1959 sunt
2218 1894 2429 1971 allata,
2481 1894 2593 1959 du-

389 2001 828 2084 rissimumque
871 2003 1146 2068 laborem
1208 2005 1480 2069 rusticus
1527 2003 1867 2085 superavit.
1950 2004 2246 2085 Sequitur
2292 2004 2600 2069 recreatio

382 2115 650 2179 maxime
692 2122 910 2197 optata
955 2123 1302 2199 narratque
1346 2123 1565 2198 poeta,
1625 2117 1873 2198 qualem
1922 2118 2114 2182 vitam
2162 2098 2370 2197 degat·
2399 2136 2596 2198 usque

380 2226 461 2291 ad
522 2245 802 2291 messem.
923 2219 1006 2290 At
1050 2228 1304 2307 vero-in
1344 2228 1478 2309 ipso
1525 2227 1727 2307 primo
1788 2226 1975 2308 hujus
2033 2227 2234 2309 partis
2279 2246 2464 2291 versu
2514 2231 2593 2291 25

377 2337 600 2401 mirum
649 2343 952 2419 quantum
1000 2338 1249 2403 variant
1292 2337 1591 2404 lectiones
1645 2337 1947 2402 librorum
1997 2337 2147 2403 Mss.
2217 2356 2330 2401 nec
2389 2336 2594 2401 minus

378 2445 727 2527 interpretu
753 2446 1164 2510 msententiae
1208 2446 1268 2508 in
1296 2446 1576 2510 diversas
1609 2452 1825 2526 partes
1860 2445 2219 2509 discessere.
2279 2445 2592 2526 Excerpta

379 2552 643 2633 Frising.
692 2551 957 2616 habent:
1019 2553 1160 2618 Jam
1221 2554 1404 2619 modo
1448 2554 1578 2635 jam
1640 2554 1910 2636 possim3
1967 2553 2486 2618 Broukhusianus
2532 2561 2595 2620 et

380 2663 590 2727 Berol.
633 2662 883 2742 (lachm.
926 2665 1015 2741 ce)
1039 2665 1166 2745 jam
1212 2665 1392 2729 modo
1437 2683 1601 2728 nunc
1638 2683 1911 2745 possum.
1945 2665 2092 2729 Exc.
2130 2664 2328 2738 Paris
2368 2666 2597 2748 quippe

387 2791 504 2853 ego
541 2772 673 2853 jam
736 2791 1007 2854 possum.
1057 2774 1207 2836 codd
1273 2774 1495 2855 reliqui
1558 2793 1803 2839 omnes:
1872 2775 2001 2856 J'am
2060 2774 2244 2839 modo
2289 2794 2409 2840 non
2454 2795 2595 2856 pos-

380 2902 536 2947 sum.
625 2883 1003 2948 Ribbeckius
1047 2884 1439 2949 scribendum
1485 2891 1729 2951 censet:
1793 2905 1831 2949 a
1882 2886 2066 2949 modo
2125 2904 2287 2950 nunc
2340 2887 2591 2967 possim.

380 2991 451 3055 L.
498 2991 840 3056 Muellerus
900 2991 1455 3067 Schneidervinum
1517 2998 1768 3057 secutus
1827 2992 1888 3055 in
1953 2993 2209 3072 conject.
2271 2992 2389 3056 crit
2456 3012 2594 3074 pag,

388 3104 541 3163 146:
601 3100 731 3180 Jam
789 3100 937 3164 mihi
977 3100 1105 3181 jam
1171 3100 1437 3181 possim3
1495 3120 1657 3181 quae
1722 3100 2185 3165 emendationes
2241 3107 2412 3166 certe
2470 3120 2591 3165 non

382 3224 539 3286 opus
596 3214 760 3270 sunt.
848 3208 920 3271 In
981 3226 1054 3272 eo
1119 3226 1332 3271 omnes
1382 3208 1781 3272 consentiunt
1837 3208 2244 3289 interpretes,
2307 3216 2594 3291 transpo-

383 3315 618 3380 nendos
662 3335 799 3381 esse
844 3336 1093 3397 versuS,
1159 3318 1389 3399 quippe
1452 3317 1556 3398 qui
1617 3318 1873 3381 deorum
1925 3318 2457 3384 enumerationem
2500 3320 2592 3383 in-

382 3431 789 3506 terrumpant.
884 3427 1107 3507 Itaque
1163 3427 1435 3491 Haasius
1493 3444 1760 3506 eumque
1826 3434 2078 3489 secutus
2137 3425 2204 3488 L.
2250 3426 2594 3491 Muellerus

383 3555 438 3600 v,
487 3541 767 3601 28—34
809 3544 1158 3618 posuerunt
1201 3544 1345 3618 post
1388 3556 1443 3601 V.
1493 3543 1550 3599 7.
1638 3535 2016 3600 Ribbeckius
2062 3554 2119 3597 v.
2167 3541 2342 3599 25-
2364 3541 2443 3600 28
2488 3556 2591 3618 po-

382 3646 509 3709 suit
563 3652 707 3727 post
764 3666 818 3710 V.
867 3653 922 3711 9.
974 3652 1067 3711 10.
1154 3647 1328 3724 Quae
1388 3664 1603 3711 omnes
1665 3646 2013 3711 sententiae
2078 3645 2296 3726 procul
2362 3654 2512 3711 sunt
2557 3668 2594 3713 a

385 3772 533 3817 vero
594 3761 659 3818 et
718 3754 1113 3836 apertissime
1157 3754 1512 3845 declarant,
1571 3754 1711 3818 illos
1770 3754 1937 3816 viros
1986 3770 2187 3831 neque
2249 3752 2432 3833 hujus
2477 3754 2594 3818 loci

386 3880 585 3942 neque
624 3863 818 3927 totius
859 3863 1151 3926 carminis
1189 3881 1438 3926 sensum
1475 3861 1893 3939 intellexisse;
1938 3860 2121 3939 longe
2162 3857 2287 3922 alia
2324 3865 2419 3924 est
2456 3879 2596 3925 mea

385 3973 721 4052 sententia,
767 3991 928 4053 quae
971 3970 1234 4036 forsitan
1280 3972 1538 4053 propius
1586 3972 1915 4036 veritatem
1956 3967 2233 4032 accedat.
2314 3970 2596 4034 Primum

389 4084 561 4148 nulla
604 4090 701 4148 est
744 4101 951 4162 causa,
996 4103 1192 4165 quare
1236 4104 1274 4147 a
1314 4083 1729 4165 plurimorum
1777 4081 2054 4145 codicum
2118 4078 2382 4143 lectione
2428 4099 2595 4144 rece-

385 4192 625 4273 damus,
671 4191 902 4273 quippe
947 4210 1107 4274 quae
1162 4190 1464 4272 optimum
1500 4189 1808 4273 praebeat
1849 4206 2100 4252 sensum
2148 4203 2473 4267 meamque
2516 4188 2595 4252 de
