3082 4688
1460 281 1882 348 ...22-

557 463 817 544 toribuS,
889 466 1127 532 scilicet
1183 473 1255 531 ut
1320 467 1510 533 talem
1557 437 1995 534 ‘destituerent
2060 465 2406 534 carminum
2480 466 2771 547 formam,

556 577 803 657 qualem
831 577 967 658 ipse
1013 582 1378 659 poetham
1425 596 1563 643 esse
1606 578 1820 642 voluit.
1865 578 2063 643 Immo
2096 597 2261 645 nunc
2290 578 2537 644 demum
2567 598 2771 646 novae

557 692 621 750 et
664 686 862 750 multo
904 687 1174 768 maJ'ores
1217 685 1621 752 difficultates
1664 686 1951 752 detectae
1979 692 2157 765 sunt3
2203 686 2402 768 magis
2447 687 2772 769 magisque

557 796 944 862 intellectum
987 810 1098 877 est,
1147 803 1212 862 ct
1253 798 1556 879 optimum
1603 797 1879 862 codicem
1924 796 2120 879 Neap.
2164 803 2230 862 et
2255 797 2530 878 reliquos
2557 816 2772 864 omnes

558 910 850 988 (quorum
916 908 1072 972 nulli
1143 925 1303 977 saec.
1371 908 1488 974 XV
1555 908 1801 989 priores
1867 908 2110 988 extant)
2175 907 2401 972 mirum
2462 915 2767 990 quantum

557 1017 934 1083 dilaceratos
961 1037 1097 1085 esse
1141 1024 1334 1100 atque
1376 1018 1439 1083 in
1483 1019 1620 1100 ipso
1664 1019 1879 1085 codico
1926 1018 2284 1103 archetype,
2330 1038 2365 1085 e
2390 1037 2514 1101 quo
2550 1021 2772 1102 optimi

557 1127 883 1193 fluxerunt
925 1128 1087 1208 libri,
1134 1129 1437 1195 maximas
1463 1129 1993 1211 gravissimasque
2016 1131 2409 1210 corruptelas
2437 1131 2775 1198 exstitisse.

563 1236 845 1318 Hujusce
869 1238 959 1302 rei
984 1243 1359 1319 argumenta
1383 1237 1692 1319 quaedam
1718 1238 2122 1319 protulerunt
2146 1235 2466 1319 Hauptius
2497 1256 2774 1319 prooem.

561 1350 700 1421 lect.
747 1345 952 1409 Berol.
1006 1349 1391 1410 1854.1856.
1437 1344 1875 1410 Heimreichus
1908 1346 1946 1409 l.
1975 1364 2027 1410 c.
2056 1345 2215 1411 idem
2244 1344 2463 1411 Novae
2492 1345 2776 1424 Quaestt.

566 1454 735 1534 Prop
780 1454 840 1516 in
887 1452 1147 1536 symbol.
1172 1453 1383 1535 philol.
1407 1454 1603 1518 Bonn.
1636 1472 1777 1535 pag.
1820 1458 1941 1517 674
1966 1471 2099 1535 sqq.
2134 1489 2209 1498 --
2250 1454 2458 1536 Atque
2483 1453 2583 1519 hic
2606 1462 2776 1520 certe

562 1583 828 1645 magnae
873 1565 1063 1630 etiam
1109 1583 1460 1646 gravesque
1504 1565 1903 1645 quaestiones
1935 1563 2273 1628 solvendae
2299 1570 2463 1644 sunt,
2504 1583 2770 1648 quarum

560 1671 766 1737 adhuc
835 1678 1080 1737 tantum
1138 1672 1385 1738 initium
1448 1671 1683 1737 factum
1747 1678 1860 1737 est.
1948 1673 2086 1738 Hoc
2142 1691 2292 1738 vero
2354 1674 2516 1738 inter
2557 1691 2768 1738 omnes

559 1785 826 1858 constat,
879 1781 1147 1847 maxime
1193 1781 1573 1862 depravatos
1634 1799 1770 1846 esse
1816 1780 2010 1846 libros
2054 1781 2114 1845 II
2160 1785 2225 1844 et
2268 1781 2379 1860 III,
2439 1779 2667 1862 quippe
2708 1779 2771 1845 in

564 1887 792 1969 quibus
838 1889 1140 1954 maximas
1188 1890 1445 1955 lacunas
1490 1897 1554 1954 et
1597 1890 1899 1971 pleraque
1958 1888 2163 1955 frusta
2222 1889 2467 1954 divulsa
2510 1890 2783 1955 invenia-

560 2017 718 2063 muS.
778 1999 893 2063 His
939 1999 1001 2063 in
1047 1998 1223 2064 libris
1268 1998 1540 2065 fortasse
1586 2001 1822 2064 multae
1867 2001 2129 2065 lacunae
2174 2000 2410 2082 expleri
2450 2005 2783 2081 poterunt,

560 2106 796 2170 multae
858 2107 1046 2172 etiam
1111 2107 1372 2171 laciniae
1437 2107 1498 2170 in
1558 2125 1751 2171 unum
1813 2106 2286 2187 perfectumque
2332 2096 2585 2172 carmen
2637 2127 2779 2173 con·

554 2216 755 2298 jungi.
802 2216 1111 2280 Nimirum
1159 2234 1423 2296 magnus
1463 2216 1561 2281 hic
1590 2216 1768 2282 labor
1800 2221 1895 2281 est
1921 2234 2292 2298 omnemque
2321 2217 2556 2298 ingenii
2585 2219 2783 2285 aciem

564 2325 847 2407 requirit,
892 2344 1029 2393 cum
1076 2344 1263 2408 quam
1299 2326 1566 2391 maxime
1612 2331 1674 2392 te
1698 2325 1972 2391 animum
2005 2324 2447 2408 cogitandique
2473 2326 2783 2392 rationem

562 2440 789 2515 poetae
832 2442 1167 2516 perspecta
1213 2434 1446 2499 habere
1491 2453 1744 2500 necesse
1792 2434 1891 2514 sit,
1974 2435 2024 2499 si
2071 2435 2221 2517 quid
2267 2436 2327 2499 in
2376 2435 2784 2500 emendandis

565 2545 1096 2627 restituendisque
1142 2546 1277 2627 ejus
1322 2546 1708 2611 carminibus
1756 2546 2059 2627 proficere
2103 2546 2217 2611 vis.
2285 2546 2403 2610 Sed
2453 2553 2523 2609 ut
2567 2547 2783 2625 gravis

566 2656 746 2720 labor
806 2662 903 2720 est
961 2663 1025 2719 et
1069 2656 1289 2736 plenus
1335 2658 1528 2735 aleae,
1589 2657 1680 2721 ita
1726 2657 2115 2721 necessarius
2163 2663 2369 2719 tamen
2418 2660 2482 2717 et
2526 2653 2781 2720 minime

569 2764 970 2843 recusandus,
1021 2764 1125 2844 qui
1170 2763 1315 2827 dum
1363 2763 1631 2827 infectus
1679 2763 1817 2840 erit,
1862 2762 2177 2841 permulta
2223 2759 2414 2823 dubia
2441 2759 2783 2823 manebunt

569 2877 632 2935 et
677 2869 962 2935 obscura.
1008 2870 1143 2948 Quo
1181 2870 1365 2933 modo
1411 2870 1594 2947 enim,
1639 2886 1802 2949 quae
1847 2888 1997 2932 vera
2045 2868 2127 2932 sit
2169 2867 2372 2944 lectio,
2417 2883 2771 2970 cognoscas,

569 2981 935 3063 priusquam
992 2987 1192 3046 totum
1255 2979 1486 3044 habeas
1545 2987 1609 3043 et
1665 2980 1978 3060 integrum
2042 2977 2340 3042 carmen?
2418 2995 2540 3057 quo
2598 2975 2781 3039 modo

571 3093 820 3157 omnino
882 3093 959 3156 de
1019 3091 1221 3157 frusto
1274 3092 1563 3173 judicare
1608 3091 1813 3169 liceat,
1892 3091 2067 3170 cujus
2114 3107 2190 3153 ne
2235 3106 2487 3153 sensum
2532 3087 2782 3171 quidem

569 3210 970 3285 perspectum
1037 3202 1315 3267 habeas?
1392 3203 1573 3267 Hunc
1632 3202 1827 3279 igitur
1886 3200 2163 3266 laborem
2223 3198 2391 3281 quod
2453 3200 2572 3265 viri
2618 3199 2785 3265 docti

569 3312 934 3391 omiserunt,
973 3312 1035 3375 in
1082 3329 1342 3391 magnos
1384 3311 1525 3376 illos
1573 3328 1821 3375 errores
1866 3308 2239 3387 inciderunt,
2286 3326 2444 3390 quos
2490 3327 2604 3373 suo
2641 3307 2787 3389 jure

573 3421 905 3502 castigavit
973 3420 1041 3484 L.
1112 3419 1456 3484 Muellerus
1524 3419 1585 3482 in
1654 3416 1850 3499 praef.
1924 3417 2025 3483 ad.
2082 3419 2268 3499 Prop.
2311 3436 2454 3499 pag.
2499 3417 2654 3482 XIII
2698 3414 2786 3479 sic

575 3533 816 3598 dicens:
899 3532 1140 3611 „Fuere
1182 3530 1425 3595 novello
1468 3535 1768 3611 tempore,
1834 3528 1941 3609 qui
1985 3529 2319 3610 plerosque
2365 3529 2427 3591 in
2470 3526 2784 3608 Propertii

576 3642 754 3707 libris
799 3640 1237 3723 suppositicios
1279 3657 1500 3703 versus
1529 3655 1871 3718 agnoscere
1900 3637 2018 3702 sibi
2047 3636 2430 3701 viderentur.
2479 3636 2528 3698 A
2556 3632 2782 3715 quibus

575 3772 693 3835 ego
758 3754 944 3834 longe
1008 3750 1327 3816 dissentio.
1414 3750 1574 3815 Nam
1634 3749 1735 3814 hic
1778 3755 1987 3831 poeta,
2055 3747 2162 3829 qui
2222 3763 2426 3827 neque
2470 3746 2534 3809 in
2577 3745 2789 3811 schola

574 3880 853 3943 unquam
915 3859 1034 3925 fuit
1094 3859 1414 3925 lectitatus
1468 3864 1531 3922 et
1586 3858 1646 3922 in
1694 3858 1831 3940 ipsa
1877 3856 2274 3937 antiquitate,
2356 3873 2433 3919 ne
2478 3854 2681 3919 dicam
2727 3853 2788 3918 in

574 3968 777 4034 medio
824 3985 996 4047 aevo,
1042 3967 1448 4048 paucissimos
1486 3967 1583 4030 sui
1629 3965 1944 4031 studiosos
1981 3963 2237 4041 invenit,
2283 3964 2445 4029 uude
2474 3968 2655 4028 tanta
2698 3963 2789 4028 in·

578 4079 956 4161 quinaretur
1026 4076 1212 4142 labe?
1259 4111 1336 4122 —
1418 4076 1514 4140 Ne
1584 4075 1681 4140 his
1742 4074 1992 4156 quidem
2050 4070 2355 4152 versibuS,
2423 4071 2528 4153 qui
2573 4077 2792 4153 aperte

569 4188 865 4253 feruntur
909 4185 1204 4265 mendosi,
1283 4184 1613 4267 spongiam
1678 4181 2094 4250 adhibendam
2154 4197 2395 4247 censeo.
2483 4177 2793 4259 Pleraque
