3082 4688
1206 278 1626 341 ...29-

281 465 447 530 licet.
540 461 813 529 Claudit
872 459 1030 525 enim
1074 464 1262 541 poeta
1310 457 1580 541 primam
1624 467 1905 542 partem:
1955 461 2164 539 „Felix
2211 498 2287 509 —-
2335 483 2523 545 quae-

285 591 539 655 cunque
587 572 721 637 viri
763 567 994 636 femina
1038 566 1226 631 limen
1266 585 1413 631 ama
1440 568 1491 631 .“
1562 574 1626 633 et
1668 568 1933 635 alteram
1977 569 2228 651 incipit:

552 699 723 763 quos
787 679 983 760 igitur
1026 677 1139 742 tibi
1181 677 1487 757 custodeS,
1551 694 1712 759 quae
1757 674 1981 741 limina
2011 696 2272 759 ponam.

283 788 534 857 Offensi
581 801 739 855 sunt
783 788 1162 867 interpretes
1203 784 1446 850 verbis:
1497 784 1716 849 limina
1757 801 2008 865 ponere,
2054 794 2117 849 et
2159 790 2349 863 recte,
2378 804 2519 850 cum

286 919 512 967 veram
559 897 865 966 carminis
908 896 1171 961 formam
1216 913 1339 959 non
1400 893 1763 973 noscerent}
1822 893 2226 975 quamobrem
2269 895 2518 960 Lachm.

291 1009 707 1077 emendavit:
771 1025 933 1088 quae
988 1002 1073 1069 ad
1131 1004 1379 1083 limina,
1431 1002 1598 1085 quod
1647 1003 1900 1082 „limina
1941 1020 2063 1084 quo
2110 1004 2291 1069 modo
2334 1005 2519 1070 alicui

300 1123 656 1201 ponantur,
698 1133 881 1180 nemo
918 1112 1238 1179 commode
1283 1113 1597 1198 explicare
1637 1111 1894 1193 possit.“
1943 1111 2158 1193 Longe
2180 1114 2364 1177 aliter
2409 1133 2522 1178 nos

297 1224 766 1307 judicabimus:
829 1220 1132 1302 Equidem
1170 1219 1247 1285 de
1288 1219 1600 1285 industria
1642 1225 1890 1300 poetam
1929 1219 2292 1301 opposuisse
2335 1222 2521 1286 credo

322 1333 551 1413 „limen
596 1331 853 1398 amare“
901 1329 1095 1409 (ultro
1139 1328 1307 1392 domi
1348 1327 1629 1406 manere)
1689 1334 1753 1393 et
1797 1328 2013 1394 limina
2055 1347 2290 1410 ponere
2335 1330 2522 1397 alicui

304 1442 597 1522 (invitam
661 1439 960 1515 retinere)
1047 1455 1249 1518 neque
1321 1437 1707 1502 emendando
1777 1438 2042 1519 perdere
2131 1439 2278 1505 licet
2349 1440 2516 1507 hunc

307 1551 520 1616 lusum
567 1547 919 1614 verborum.
1002 1547 1071 1611 In
1138 1565 1193 1612 V.
1269 1550 1351 1612 :24
1412 1546 1619 1626 limen,
1687 1565 1826 1611 cum
1883 1547 2137 1628 proprie
2181 1547 2511 1629 significet,

317 1656 718 1736 „Schwelle“‚
783 1654 1152 1719 insolentius
1212 1652 1446 1717 dictum
1507 1662 1608 1718 est
1664 1673 1779 1734 pro
1854 1661 1989 1720 tota
2032 1654 2236 1735 domo,
2307 1674 2366 1719 v.
2415 1648 2517 1727 37.

319 1762 585 1826 verbum
617 1762 870 1843 propria
913 1779 1029 1825 sua
1074 1761 1130 1825 vi
1176 1767 1536 1842 usurpatur,
1582 1769 1766 1842 atque
1809 1763 1897 1827 sic
1942 1760 2071 1827 fere
2115 1764 2521 1830 continuatur

337 1870 674 1935 sententia:
733 1871 878 1935 Cum
920 1871 1117 1954 igitur
1152 1878 1331 1936 tanta
1372 1872 1455 1935 sit
1498 1872 1734 1935 Romae
1780 1872 2056 1936 virorum
2101 1871 2382 1953 audacia,
2451 1881 2521 1940 ut

334 1978 586 2059 femina,
626 1980 740 2044 nisi
778 1979 954 2045 limen
998 1987 1168 2045 amat
1212 1981 1346 2060 viri,
1381 1981 1680 2045 custodiri
1726 1998 1845 2045 non
1890 1982 2117 2063 possit:
2162 2000 2336 2064 quoS,
2386 1983 2521 2064 tibi,

325 2090 609 2172 Cynthia,
652 2090 936 2155 custodes
972 2108 1218 2183 ponam,
1261 2108 1446 2172 quam
1494 2092 1748 2156 munitis
1793 2092 2202 2175 omnibusque
2246 2112 2280 2158 e
2322 2094 2521 2176 parti-

318 2199 433 2264 bus
468 2199 825 2264 interclusis
862 2197 1178 2264 liminibus
1222 2201 1496 2281 saepiam
1544 2208 1638 2264 te:

700 2351 863 2414 quae
910 2351 1225 2414 nunquam
1278 2352 1470 2415 supra
1503 2352 1616 2417 pes
1661 2334 1945 2398 inimicus
1989 2334 2147 2398 eat?

693 2461 839 2507 nam
885 2443 1037 2507 nihil
1072 2444 1304 2507 invitae
1348 2444 1549 2507 tristis
1587 2443 1875 2507 custodia
1917 2442 2197 2524 prodest.

317 2578 775 2659 cognoscimus
821 2578 1032 2658 igitur,
1077 2578 1475 2659 Propertium
1520 2597 1668 2643 vere
1710 2576 2120 2644 architectum
2165 2596 2301 2643 esse
2347 2580 2525 2659 velle,

317 2685 383 2749 id
405 2685 569 2767 quod
603 2685 829 2749 mirum
869 2685 1153 2751 omnibus
1197 2686 1396 2750 visum
1423 2692 1536 2767 est,
1581 2703 1781 2767 neque
1804 2704 2057 2752 causam
2085 2685 2283 2767 video,
2327 2706 2523 2769 quare

317 2812 452 2858 non
495 2794 618 2859 dici
662 2795 862 2875 possit
906 2793 1021 2859 hoc
1065 2802 1278 2860 nostro
1316 2797 1481 2862 loco:
1526 2797 1740 2862 limina
1782 2815 2036 2879 ponere.
2082 2833 2160 2841 —
2228 2797 2527 2863 Custodia

311 2923 458 2970 cum
508 2904 660 2968 nihil
703 2905 921 2985 prosit,
980 2906 1190 2986 pergit
1229 2913 1418 2986 poeta
1478 2927 1532 2971 v.
1571 2914 1652 2971 40
1690 2925 1841 2988 sqq:
1919 2903 2192 2987 Pudore,
2237 2907 2520 2989 Cynthia,

315 3021 385 3079 te
433 3012 758 3095 prohiberi
817 3031 1067 3078 necesse
1118 3021 1231 3094 est,
1291 3016 1621 3094 quominus
1682 3032 1930 3095 pecces:

634 3140 821 3204 quam
864 3141 1124 3205 peccare
1156 3122 1390 3205 pudet,
1460 3124 1745 3206 Cynthia,
1779 3129 1918 3189 tuta
1960 3130 2058 3189 sat
2100 3131 2212 3189 est.

331 3230 451 3296 hoc
497 3231 561 3295 in
600 3250 698 3296 me
744 3234 878 3313 ipso
914 3251 1287 3314 cognoscere
1324 3234 1500 3298 licet:

530 3359 643 3405 nos
706 3360 862 3406 uxor
920 3361 1254 3424 nunquam,
1319 3360 1636 3423 nunquam
1682 3359 1782 3403 ‘me
1821 3337 2069 3424 ducet⁸)
2114 3340 2313 3405 amica

530 3469 775 3533 semper
819 3452 1018 3517 amica
1061 3452 1231 3532 mibi,
1270 3471 1515 3534 semper
1552 3459 1616 3517 et
1661 3470 1816 3516 uxor
1861 3451 2003 3516 eris.

300 3561 463 3632 -Hoc
526 3562 709 3626 modo
774 3563 825 3626 si
893 3580 948 3626 v.
1004 3569 1105 3627 41.
1162 3567 1260 3626 42.
1320 3581 1458 3627 cum
1503 3561 2022 3643 praecedentibus
2064 3558 2518 3640 conjungimus,

312 3676 493 3735 certe
535 3688 653 3735 non
690 3688 847 3752 opus
888 3677 984 3735 est
1030 3670 1316 3735 lacunam
1352 3676 1649 3760 statuere,
1705 3670 1837 3735 sive
1876 3665 2256 3734 Lachmanni
2298 3664 2521 3745 accipi-

497 3933 543 4000 ⁸)
578 3937 847 3987 Consentio
886 3939 1021 3987 enim
1058 3938 1400 3998 Hertzborgio,
1461 3938 1551 4001 qui
1587 3936 1813 3995 Quaestt.
1849 3936 1997 3996 Ptop.
2039 3934 2104 3995 11,
2156 3934 2257 3994 6,5.
2291 3933 2357 3992 11,
2426 3937 2452 3994 5
2489 3940 2517 3984 9

318 4031 445 4077 satis
497 4028 717 4078 dilucido
776 4028 1147 4085 demonstravit,
1208 4029 1359 4091 plane
1418 4027 1792 4090 Propertianam
1845 4039 1953 4074 esse
2014 4023 2138 4071 banc
2191 4035 2512 4086 personarum

322 4121 687 4168 mutationem:
728 4133 824 4167 noa
865 4144 921 4152 —
962 4133 1042 4167 me
1076 4119 1353 4180 multisque
1391 4116 1731 4179 comprobavit
1758 4116 2004 4178 exemplis
2028 4136 2097 4148 -
2122 4113 2374 4174 „Ducerc“
2405 4126 2518 4162 vcro

318 4220 415 4272 pro
458 4206 756 4268 „diducere“
797 4208 1098 4272 saepissimo
1132 4211 1416 4271 usurpatur.
