3082 4688
1374 288 1787 353 ...44-

453 490 647 550 meae,
691 489 1091 552 nunquamne
1117 478 1203 552 tu,
1249 471 1513 537 liberum
1533 472 1848 537 hominem
1873 491 1972 537 me
2020 491 2159 538 esse
2204 472 2523 554 suspicata
2559 474 2679 537 es?

455 599 535 646 an
580 597 829 662 semper
872 586 1051 645 tuum
1097 598 1348 646 servum
1377 598 1477 645 me
1501 578 1783 644 futurum
1812 598 1949 646 esse
1973 580 2207 661 putas?
2251 577 2685 644 subaudienda

456 695 604 754 sunt
647 686 875 754 verba:
921 705 1147 769 magno
1192 687 1256 751 in
1302 705 1520 752 errore
1565 686 1859 766 versaris,
1914 684 2031 751 hoc
2074 685 2453 751 existimans.
2543 685 2682 748 Du‘o

458 801 781 877 postrema
824 794 1156 860 enuntiata
1199 794 1261 858 in
1307 812 1500 868 unum
1549 800 1697 859 sunt
1741 800 2101 859 contracta:
2147 794 2319 873 Ergo
2353 793 2488 874 jam
2536 793 2686 856 mul-

462 913 562 969 tos
634 903 893 969 nimium
962 902 1340 969 temerarius
1393 921 1611 984 annos
1684 903 1790 985 qui
1833 909 1950 969 etc.
2001 937 2076 949 -
2125 901 2534 983 ecquandone
2581 902 2690 967 tibi

462 1014 624 1080 liber
669 1032 806 1079 sum
850 1013 1068 1079 visus?
1105 1031 1239 1094 sqq.
1285 1048 1363 1058 —-
1417 1015 1867 1091 „temerarius“
1916 1012 2191 1094 positum
2239 1017 2336 1077 est
2381 1030 2516 1094 pro,
2555 1030 2693 1090 ego,

463 1122 570 1204 qui
616 1123 992 1188 temerarius
1035 1120 1146 1188 fui.
1186 1156 1262 1168 —
1311 1121 1446 1198 Quo
1491 1120 1678 1186 modo
1723 1121 1774 1185 si
1821 1120 2015 1185 verba
2043 1120 2552 1201 conjunguntur,
2590 1137 2687 1183 re·

462 1239 751 1298 movetur
794 1233 904 1297 illa
947 1230 1302 1311 difficultaS,
1363 1250 1553 1312 quam
1597 1236 1770 1297 recte
1814 1230 2254 1296 Lachmannus
2300 1228 2690 1294 animadver-

468 1340 565 1404 tit.
623 1338 874 1403 Etenim
935 1338 986 1403 si
1024 1348 1169 1418 post
1214 1336 1504 1402 ‘domum’
1549 1337 2067 1419 interrogationis
2112 1337 2360 1419 signum
2405 1337 2685 1417 ponitur,

460 1449 525 1513 in
584 1446 944 1512 enuntiato:
1030 1447 1202 1526 Ergo
1262 1446 1523 1511 nimium
1585 1448 1978 1535 temerariae,
2049 1447 2199 1528 qui?
2263 1454 2379 1514 etc.
2428 1446 2688 1512 verbum

463 1554 927 1620 substantivum
992 1553 1171 1619 ‘sum’
1244 1554 1342 1619 vel
1386 1552 1515 1619 ‘fui’
1559 1555 1731 1620 nullo
1790 1554 1976 1619 modo
2036 1560 2249 1634 potest
2293 1554 2532 1632 omitti3
2596 1554 2692 1617 sin

465 1671 675 1732 autem
721 1664 1089 1749 adjungitur
1132 1664 1556 1748 ‘ecquandone
1592 1663 1708 1730 tibi
1756 1663 1913 1729 liber
1941 1682 2080 1729 sum
2119 1662 2355 1730 visus'P’
2399 1682 2512 1729 nec
2557 1682 2696 1728 ver-

464 1774 614 1839 bum
658 1774 1127 1840 substantivum
1165 1794 1278 1842 nec
1324 1793 1670 1856 pronomen
1716 1773 1869 1857 ‘ego'
1916 1792 2073 1856 opus
2120 1779 2233 1839 est.
2278 1807 2354 1819 —
2384 1772 2690 1855 Cognovi-

467 1901 605 1949 mus
634 1884 848 1965 igitur,
882 1886 1110 1965 „ergo“
1141 1883 1293 1949 nihil
1319 1884 1487 1948 aliud
1513 1902 1651 1948 esse
1682 1884 1799 1948 nisi
1829 1882 2203 1965 particulam
2232 1882 2694 1946 consecutivam

468 2009 581 2055 nec
627 2009 749 2055 non
795 1989 912 2056 hoc
956 2010 991 2055 e
1036 1991 1231 2057 totius
1276 1992 1394 2056 loci
1439 1992 1967 2074 interpretatione
2011 1993 2233 2071 elucet,
2281 1991 2694 2055 ‘temerarius‘

354 2140 362 2149 ·
469 2117 591 2162 non
637 2098 993 2177 significare
1035 2117 1225 2178 posse
1254 2099 1496 2164 ‘audax‘
1540 2099 1625 2177 (id
1660 2099 1824 2179 quod
1863 2098 2112 2163 Lachm.
2147 2105 2211 2163 et
2241 2098 2696 2180 Hertzbergius

474 2203 890 2285 statuerunt),
946 2204 1054 2269 sed
1100 2206 1423 2289 propriam
1470 2206 1704 2272 habere
1750 2214 1813 2272 et
1858 2209 2334 2273 usitatissimam
2379 2207 2687 2290 significa-

473 2318 742 2383 tionem:
805 2315 979 2382 ‘levis
1023 2322 1088 2381 et
1131 2314 1670 2395 inconsideratus‘‚
1747 2334 1932 2398 quam
1982 2316 2240 2382 eandem
2288 2317 2351 2383 in
2398 2316 2697 2383 adverbio

470 2424 748 2490 ‘temere‘
797 2424 1169 2490 invenimus,
1255 2424 1470 2490 Verba
1506 2426 1607 2490 ‘an
1656 2431 1726 2491 tu
1770 2444 2019 2508 semper
2065 2427 2127 2490 in
2173 2431 2459 2491 nostrum
2497 2426 2696 2508 jacies

474 2533 668 2600 verba
706 2535 981 2615 superba
1027 2533 1234 2615 caput’
1277 2553 1417 2600 cum
1463 2536 1720 2618 proprie
1762 2536 2147 2619 significent:
2194 2555 2294 2616 ,an
2343 2542 2412 2601 tu
2453 2554 2701 2618 semper

474 2644 771 2709 detrahes
807 2644 885 2709 de
931 2663 1071 2710 mea
1111 2645 1174 2709 in
1221 2645 1476 2711 civitate
1521 2646 1871 2726 dignitate',
1931 2653 2147 2712 nostro
2193 2648 2329 2711 loco
2373 2647 2452 2711 ad
2497 2647 2698 2711 solum

478 2752 803 2817 servitutis
848 2758 1085 2818 statum
1129 2751 1462 2818 referenda
1507 2757 1672 2815 sunt.
2157 2739 2160 2742 ⁴

646 2861 808 2940 Quid
852 2861 1051 2943 igitur
1096 2878 1351 2927 necesse
1397 2865 1510 2938 est,
1603 2860 1887 2924 lacunam
1928 2879 2163 2942 ponere
2199 2862 2365 2928 inter
2411 2881 2519 2928 sex
2563 2864 2702 2929 illos

481 2991 717 3052 versus,
797 2989 937 3035 cum
1000 2972 1242 3053 justum
1305 2974 1369 3035 et
1429 2967 1586 3033 satis
1629 2967 1973 3032 dilucidum
2014 2986 2265 3035 sensum
2306 2990 2412 3037 eos
2458 2970 2704 3037 efficere

478 3081 1003 3164 cognoverimus?
1091 3082 1388 3148 Fortasse
1449 3096 1616 3143 nunc
1676 3079 1866 3148 etiam
1928 3079 2159 3147 clarius
2215 3080 2325 3147 fiet
2366 3083 2530 3164 quod
2571 3083 2705 3164 jam

479 3210 674 3273 supra
718 3191 919 3272 docui,
992 3191 1243 3258 omnino
1304 3191 1440 3257 fieri
1486 3210 1609 3257 non
1656 3211 1859 3274 posse,
1934 3199 2005 3258 ut
2074 3191 2191 3257 hoc
2247 3191 2521 3258 frustum
2566 3211 2705 3257 cum

476 3303 636 3384 eleg.
698 3302 820 3380 11,s
884 3302 1323 3384 conjungatur,
1383 3320 1539 3367 cum.
1587 3318 1801 3368 omnes
1861 3320 1970 3366 sex
2014 3320 2233 3367 versus
2279 3303 2357 3367 de
2400 3302 2708 3383 pertinaci

480 3416 676 3490 agant
717 3408 947 3490 puella.
1035 3408 1171 3473 Hoc
1231 3407 1395 3473 idem
1459 3428 1610 3474 vero
1654 3416 2120 3490 argumentum,
2180 3429 2219 3475 a
2263 3409 2406 3476 libri
2452 3409 2707 3475 secundi

481 3519 757 3584 carmine
832 3519 1019 3600 plane
1084 3518 1377 3599 alienum,
1445 3537 1653 3584 nonne
1730 3520 1964 3601 optime
2032 3520 2307 3601 quadrat
2369 3521 2448 3586 ad
2514 3540 2708 3603 carm,

482 3625 732 3704 111‚11?
777 3662 855 3673 —
946 3625 1253 3707 Equidem
1297 3644 1670 3708 persuasum
1715 3625 1935 3706 habeo,
1985 3628 2186 3693 eidem
2229 3629 2478 3710 puellae
2523 3629 2707 3695 irasci

482 3740 736 3817 poetam
790 3735 850 3800 in
912 3734 1027 3800 hac
1085 3741 1275 3816 atque
1320 3735 1383 3800 iu
1430 3736 1539 3801 illa
1582 3744 1784 3818 parte,
1856 3738 2234 3818 praesertim
2280 3756 2419 3803 cum
2466 3744 2710 3803 senten-

442 3835 447 3840 ’
495 3844 726 3909 tiarum
808 3844 963 3909 ordo
1034 3862 1145 3925 per
1214 3850 1554 3923 utrumque
1621 3843 1894 3910 frustum
1988 3844 2223 3924 optime
2289 3845 2709 3911 continuetur.

490 3951 843 4031 Jungamus
912 3952 1111 4034 igitur
1185 3970 1405 4017 versus
1478 3949 1775 4016 carminis
1839 3952 1981 4031 11,ss
2053 3969 2191 4016 cum
2259 3952 2416 4035 eleg.
2485 3954 2598 4033 111,
2634 3957 2701 4018 11

496 4061 1085 4145 (Hertzberg.-eleg.
1131 4062 1205 4142 11,
1262 4066 1352 4128 11.
1398 4061 1468 4126 L.
1515 4059 1859 4125 Muellerus
1906 4060 2020 4140 ΙΙΙ,
2063 4062 2124 4125 ΙΙ
2172 4059 2349 4144 [ΧΙ])
2397 4068 2461 4127 et
2503 4063 2712 4128 videa-

493 4191 649 4251 muS‚
696 4191 843 4237 num
885 4171 1232 4254 perfectum
1281 4179 1345 4236 et
1382 4171 1739 4236 absolutum
1786 4189 2035 4235 carmen
2079 4171 2347 4236 existere
2391 4171 2620 4252 possit:
