3082 4688
1212 307 1627 369 „41-

642 488 922 555 scribant
967 489 1045 554 de
1090 496 1154 554 te
1199 489 1327 569 alii,
1364 491 1463 555 vel
1509 490 1595 554 sis
1640 489 1875 570 ignota,
1922 488 2161 554 licebit:

639 599 872 678 laudet,
930 600 1037 680 qui
1082 598 1282 664 sterili
1328 600 1569 664 semina
1613 599 1791 680 ponit
1835 598 2043 664 humo.

640 709 866 786 omnia,
912 706 1097 772 crede
1135 707 1304 787 mihi,
1364 725 1578 771 secum
1625 729 1748 775 uno
1795 727 2058 775 munera
2104 709 2265 774 lecto

637 815 885 882 auferet
931 818 1192 885 extremi
1236 815 1476 881 funeris
1518 825 1663 883 atra
1706 819 1876 883 dies:

566 933 602 991 5
648 933 713 992 et
757 931 867 992 tua
912 927 1208 993 transibit
1253 934 1658 993 contemnens
1702 947 1846 993 ossa
1880 926 2087 993 viator

644 1055 757 1101 nec
801 1036 967 1102 dicet
1011 1037 1184 1100 ‘cinis
1222 1035 1321 1099 hic
1379 1036 1566 1101 docta
1609 1035 1824 1119 puella
1865 1035 2025 1101 fuit?

302 1146 475 1222 Quos
521 1163 741 1209 versus
785 1163 925 1210 cum
970 1146 1367 1211 antecedenti
1412 1145 1616 1227 elegia
1660 1146 2130 1233 conjungendos
2154 1162 2292 1211 esse
2336 1145 2531 1210 Scali-

309 1272 424 1333 ger
466 1255 738 1318 censuit:
785 1253 952 1333 quod
998 1259 1169 1318 certe
1215 1255 1386 1318 nullo
1431 1260 1617 1336 pacto
1662 1252 1799 1318 fieri
1841 1260 2068 1334 potest.
2143 1253 2393 1318 Primus
2427 1252 2528 1318 hic

308 1383 557 1446 quoque
601 1364 1064 1441 Lachmannus,
1138 1369 1386 1429 tantum
1429 1362 1703 1429 frustum
1763 1363 2022 1445 majoris
2085 1362 2381 1428 carminis
2418 1380 2531 1428 nos

308 1471 542 1538 habere
585 1474 911 1552 intellexit,
957 1491 1357 1555 quamquam,
1403 1492 1528 1554 quo
1571 1473 1967 1555 pertinerent
2010 1491 2250 1552 versuS,
2300 1474 2532 1537 nescie-

309 1581 437 1645 bat.
520 1580 864 1645 Audiamus
899 1581 1103 1662 ipsum
1144 1599 1285 1645 eum
1331 1580 1645 1646 dicentem
1685 1580 2114 1660 Scaligerique
2157 1582 2536 1646 sententiam
2617 1572 2634 1584 ‘

311 1686 743 1753 refellentem:
837 1672 958 1766 „Hi
1001 1706 1241 1767 versuS‚
1305 1706 1428 1769 quo
1473 1688 1853 1768 pertineant,
1923 1688 2148 1768 nescio,
2211 1707 2323 1753 nec
2371 1689 2531 1753 scire

308 1794 549 1859 laboro,
594 1795 719 1859 Pro
766 1795 1014 1875 integro
1042 1794 1318 1859 carmine
1342 1795 1594 1875 quidem
1634 1813 1813 1860 nemo
1840 1794 1993 1860 haec
2024 1795 2308 1876 accipiet,
2350 1813 2538 1860 sensu

313 1905 568 1985 quidem
615 1923 735 1968 non
783 1905 1081 1983 carent-ia,
1156 1904 1263 1969 sed
1326 1904 1527 1969 lucem
1572 1910 1763 1985 atque
1809 1906 2186 1985 elegantiam
2224 1924 2262 1970 a
2305 1905 2534 1970 ceteris

312 2013 567 2074 demum
613 2018 966 2093 acceptura.
1012 2010 1294 2091 Scaliger
1330 2011 1569 2091 eadem,
1615 2030 1740 2092 qua
1769 2018 2000 2092 cetera,
2044 2010 2362 2091 felicitate,
2401 2031 2541 2077 cum

317 2122 523 2200 elegia
581 2120 999 2201 praecedente
1061 2121 1539 2186 consarcinavit.
1608 2120 1855 2197 Quaere
1893 2121 2060 2202 apud
2116 2121 2540 2203 Propertium,

317 2228 547 2311 quibus
591 2229 798 2295 verbis
844 2236 1146 2310 concepta
1190 2231 1273 2296 sit
1316 2231 1648 2309 sententia,
1694 2249 1882 2312 quam
1927 2231 2165 2296 invenit
2208 2230 2314 2295 ille
2367 2231 2428 2294 in
2471 2246 2545 2294 eo

322 2340 617 2420 carmine,
663 2340 829 2422 quod
863 2336 1128 2405 confecit
1174 2360 1250 2405 ex
1278 2340 1375 2406 his
1413 2346 1450 2404 6
1490 2340 1776 2406 versibus
1801 2346 1865 2405 et
1897 2343 1976 2405 30
2003 2339 2546 2421 praecedentibus,

324 2450 599 2530 plenum,
657 2450 711 2514 si
756 2449 874 2529 ipsi
913 2447 1086 2528 fides,
1143 2446 1406 2513 affectus
1445 2447 1753 2524 amatorii,
1797 2466 1910 2512 nec
1956 2446 2071 2511 nisi
2120 2465 2158 2512 a
2201 2447 2413 2528 politis
2457 2447 2548 2510 in-

336 2555 539 2636 geniis
586 2555 1106 2636 intellegendum:
1181 2555 1361 2635 „Non
1424 2572 1648 2620 recuso
1707 2572 1823 2635 pro
1869 2560 1932 2619 te
1978 2573 2159 2620 omne
2203 2554 2549 2635 periculum

329 2664 562 2745 subire,
635 2666 745 2730 sed
800 2665 1129 2731 consilium
1181 2682 1303 2728 non
1365 2671 1462 2730 est
1506 2663 1658 2728 mihi
1715 2663 1985 2744 amplius
2028 2664 2107 2730 de
2149 2671 2214 2730 te
2257 2664 2550 2745 scribere,

328 2791 532 2853 neque
578 2770 818 2838 frustra
863 2774 923 2837 in
968 2772 1093 2838 tuis
1139 2772 1429 2837 laudibus
1466 2772 1927 2854 praedicandiS,
1974 2773 2140 2854 quod
2183 2778 2372 2838 antea
2414 2771 2547 2849 feci,

324 2888 575 2964 tempus
619 2887 980 2948 conterere:
1054 2882 1132 2946 de
1181 2888 1244 2947 te
1303 2881 1409 2947 alii
1454 2880 1754 2961 scribant,
1826 2901 1906 2947 an
1953 2886 2224 2964 taceant,
2296 2882 2355 2946 id
2403 2901 2553 2947 vero

324 2993 763 3075 susquedeque
807 2990 998 3058 fer0.“
1052 3026 1128 3036 -
1219 2991 1395 3056 Haec
1452 2991 1680 3072 quibus
1734 3009 1859 3055 non
1929 2992 2239 3072 placeant,
2306 2990 2556 3056 inficeta

325 3103 535 3184 capita
578 3103 918 3183 appellat.“
970 3136 1046 3148 —
1134 3101 1376 3166 Deinde
1421 3098 1857 3165 Lachmannus
1917 3104 1983 3164 et
2027 3104 2174 3164 ante
2218 3103 2283 3163 et
2325 3104 2471 3179 post
2514 3103 2551 3161 6

328 3231 548 3279 versus
594 3214 878 3278 lacunam
934 3211 1176 3293 statuit,
1260 3228 1529 3292 eumque
1591 3209 1724 3277 fere
1770 3230 1985 3276 omnes
2033 3210 2311 3276 editores
2354 3208 2554 3274 secuti

328 3329 493 3400 sunt,
568 3320 862 3400 Jacobus‚
929 3320 1267 3386 Paldamus
1308 3318 1462 3401 (qui,
1522 3319 1586 3383 id
1632 3319 1799 3399 quod
1845 3318 2283 3383 Lachmannus
2327 3317 2462 3397 ipse
2499 3315 2559 3379 in

344 3427 620 3493 secunda
687 3427 962 3492 editione
1027 3426 1195 3507 fecit,
1268 3433 1515 3491 tantum
1578 3426 1640 3491 in
1707 3427 1885 3491 initio
1945 3427 2232 3490 lacunam
2293 3422 2564 3502 statuit),

334 3539 560 3606 deinde
604 3537 941 3619 Hauptius‚
982 3537 1050 3603 L.
1097 3539 1462 3605 Muellerus
1519 3576 1589 3585 —-
1654 3536 1834 3601 Unus
1879 3535 2335 3615 Hertzbergius
2378 3533 2565 3613 huJus

334 3667 583 3730 quoque
631 3649 871 3730 elegiae
913 3648 1348 3729 integritatem
1401 3643 1738 3711 defendere
1783 3650 2042 3710 conatus
2068 3647 2182 3722 est,
2225 3642 2332 3722 qui
2358 3639 2568 3704 nescio

331 3777 411 3824 an
459 3777 582 3823 non
643 3759 947 3839 majorem
1018 3757 1219 3821 lucem
1281 3755 1425 3820 huic
1484 3754 1776 3819 attulerit
1844 3770 2031 3833 quam
2094 3750 2355 3814 carmini
2427 3748 2565 3827 II,8.

327 3868 496 3935 Dicit
544 3869 707 3932 enim
753 3868 1035 3946 Quaestt.
1075 3868 1263 3948 Prop.
1309 3866 1451 3945 II,5,
1516 3883 1665 3947 pag.
1712 3868 1831 3928 87:
1922 3860 2203 3927 Acerbus
2248 3865 2461 3925 autem
2506 3863 2573 3923 et

342 3979 479 4061 ipsa
524 3979 822 4044 carminis
866 3978 1180 4043 brevitate
1225 3992 1529 4041 nervosus
1577 3972 1824 4055 (poeta)
1864 3973 1924 4037 in
1971 3972 2067 4036 El.
2115 3970 2348 4050 III,ll:
2429 3988 2573 4036 con-

346 4088 622 4169 temptio
666 4087 827 4151 enim
878 4087 1205 4151 intio‘itum
1256 4085 1341 4164 (1.
1387 4083 1489 4160 2.),
1557 4081 1831 4147 infausta
1875 4083 2083 4147 omina
2128 4079 2398 4145 medium
2447 4098 2580 4145 car-

342 4224 482 4272 men
532 4201 815 4269 obtinent
876 4199 961 4280 (3.
1010 4197 1114 4278 4.),
1161 4199 1394 4262 exitum
1444 4194 1649 4259 minae
1696 4191 1773 4272 (ἓ.
1822 4190 1907 4271 6).
1953 4189 2071 4267 Qui
2113 4208 2186 4252 eo
2233 4194 2323 4252 est
2373 4188 2579 4253 effica—
