3082 4688
1220 295 1632 360 ...25-

277 490 556 568 poetam
607 488 677 548 et
719 480 885 547 mala
923 486 1338 561 augurantem
1398 498 1474 544 ex
1516 478 1985 560 comparatione
2023 478 2317 544 similium
2369 495 2513 543 cau-

276 611 514 659 sarum
557 588 877 669 describit,
935 606 1098 669 quae
1141 587 1492 679 necessario
1551 606 1619 653 se
1662 593 1979 667 maneant,
2059 606 2248 669 quum
2294 593 2515 668 aperta

281 702 622 785 Cynthiae
679 699 919 781 flagitia
987 704 1050 763 et
1114 698 1308 779 ipsius
1377 699 1623 764 animus
1684 704 1915 765 natura
1950 698 2083 780 jam
2127 698 2515 779 suspicacior

280 811 662 876 consociari
733 825 1128 889 nequaquam
1190 807 1447 888 possint.
1538 805 1654 870 His
1713 805 1917 871 turbis
1989 806 2287 886 antiquae
2368 804 2514 868 sim-

281 918 613 998 plicitatis
681 924 965 997 tempora
1035 915 1248 996 quieta
1315 920 1379 978 et
1442 915 1755 979 castitatis
1830 915 2170 996 specimina
2238 912 2515 978 breviter

287 1027 576 1108 opponit
621 1029 745 1107 (23.
791 1024 943 1106 24.).
988 1025 1119 1089 Nec
1155 1032 1363 1090 tamen
1401 1026 1628 1106 Juvare
1693 1025 1859 1106 quod
1904 1024 2056 1090 haec
2091 1024 2237 1088 olim
2282 1024 2515 1089 Romae

291 1136 566 1216 fuerint,
612 1153 814 1216 neque
859 1134 1021 1198 enim
1067 1135 1298 1216 templa
1342 1135 1689 1201 Pudicitiae
1745 1153 1782 1199 a
1825 1133 2165 1216 majoribus
2217 1134 2280 1197 in
2325 1133 2517 1198 hono-

298 1265 445 1312 rem
516 1246 870 1328 puellarum
922 1244 1210 1310 dedicata
1269 1248 1489 1311 contra
1548 1245 1942 1325 ingruentem
1984 1243 2296 1308 luxuriam
2339 1241 2517 1324 quid-

305 1373 501 1436 quam
545 1355 838 1420 valuisse.
917 1352 1271 1418 Obscoenas
1315 1351 1581 1419 tabellas
1618 1352 1749 1433 jam
1795 1351 1858 1415 in
1904 1350 2139 1416 deliciis
2184 1367 2337 1414 esse.
2383 1347 2516 1413 Has

305 1463 457 1543 plus
499 1463 727 1540 valere,
770 1478 957 1542 quam
1003 1459 1262 1525 deorum
1306 1460 1608 1542 (25—36)
1655 1459 2004 1540 religiones.
2099 1458 2287 1523 Vides
2321 1456 2517 1540 igitur

305 1571 558 1650 primae
602 1568 803 1649 partis
846 1574 1286 1647 argumentum
1345 1567 1703 1649 repetitum,
1781 1565 1892 1632 sed
1936 1566 2310 1648 conjunctim
2356 1565 2515 1630 etin

308 1676 550 1742 saeculi
594 1676 804 1757 potius
841 1692 1067 1755 moreS,
1136 1692 1325 1755 quam
1384 1675 1447 1740 in
1493 1675 1823 1757 Cynthiam
1866 1692 2137 1754 versum,
2206 1673 2516 1754 simulque

319 1805 577 1851 causam
633 1785 1047 1865 corruptionis
1112 1784 1387 1850 additam
1452 1784 1790 1865 (27—32.).
1877 1784 2094 1865 Neque
2159 1782 2514 1861 accusabis3

335 1895 673 1977 exspatiari
732 1895 888 1959 enim
942 1895 1256 1960 interdum
1314 1900 1538 1976 po‘e‘tae
1585 1895 1859 1979 elegiaco
1916 1895 2080 1973 licet,
2143 1896 2515 1976 praesertim

331 2020 471 2067 cum
512 2020 699 2068 causa
743 2002 1010 2083 episodii,
1086 2002 1426 2084 imaginum
1472 2002 1706 2068 mentio
1753 2020 1810 2066 v.
1855 2005 1891 2065 9
1934 1999 2119 2081 facta,
2189 2007 2515 2083 appareat.

321 2109 586 2174 Interim
626 2111 895 2190 pertexti
940 2109 1252 2176 secundae
1287 2111 1488 2198 partis
1526 2110 1901 2192 repetitione
1922 2110 2049 2192 (33.
2079 2113 2216 2184 34.)
2260 2118 2519 2191 questus

320 2220 765 2285 continuantur
827 2225 892 2286 et
953 2220 1332 2286 clauduntur
1398 2220 1528 2302 (35.
1602 2222 1728 2303 36.)
1795 2222 1903 2286 ubi
1966 2227 2176 2286 tamen
2229 2230 2517 2301 apertum

312 2328 601 2396 mendum
674 2329 1078 2396 librariorum
1141 2331 1326 2413 culpa
1391 2330 1650 2397 carmini
1714 2329 2017 2395 inflictum
2090 2348 2315 2395 nexum
2382 2348 2514 2395 sen·

315 2438 650 2502 tentiarum
695 2438 858 2503 male
906 2437 1054 2503 olim
1099 2437 1399 2502 turbabat
1414 2436 1481 2515 ⁶).
1527 2437 1671 2501 Jam
1716 2455 1865 2501 vero
1902 2436 2232 2502 meliorum
2278 2444 2515 2519 tempo·

312 2563 451 2609 rum
495 2546 859 2611 memoriam
898 2527 1046 2616 ,cum
1091 2553 1261 2611 sorte
1303 2550 1528 2626 poetae
1572 2549 2022 2625 comparatam,
2083 2542 2161 2609 ad
2207 2543 2516 2609 sedandos

312 2648 572 2716 affectus
613 2651 768 2716 nihil
813 2653 1024 2719 valere
1067 2659 1349 2735 apparet.
1396 2653 1620 2733 Itaque
1657 2651 1859 2717 exitus
1902 2639 2152 2734 quoque
2184 2650 2517 2736 (37—42.)

314 2760 588 2824 animum
646 2762 818 2826 intra
872 2759 1159 2858 timorem
1221 2769 1411 2842 atque
1453 2779 1629 2843 spem
1673 2761 1876 2828 adhuc
1921 2762 2263 2844 pendulum
2308 2770 2517 2827 osten-

309 2870 424 2935 dit.
514 2870 910 2952 Quamquam
964 2872 1230 2937 multum
1285 2890 1422 2937 eam
1483 2872 1899 2944 conditionem
1945 2892 1984 2938 a
2032 2875 2274 2955 primae
2316 2873 2518 2955 partis

310 2979 632 3045 anxietate
673 2978 944 3061 differre,
992 2980 1132 3061 quis
1177 2998 1300 3045 non
1343 2980 1607 3045 videat?
1642 2981 1804 3045 Nam
1849 2998 1990 3045 cum
2026 2981 2341 3045 custodias
2367 2979 2518 3045 nihil

319 3098 538 3156 contra
581 3090 844 3156 invitam
878 3092 1215 3173 Juvaturas
1257 3097 1445 3173 poeta
1489 3090 1819 3171 intellegat
1862 3094 1991 3172 (37.
2035 3091 2180 3173 38.),
2215 3091 2519 3173 pudorem

319 3197 622 3279 optimum
666 3199 811 3264 lecti
856 3200 1176 3266 custodem
1224 3199 1526 3282 Cynthiae
1571 3200 1662 3265 ita
1698 3201 2091 3267 commendat
2125 3204 2250 3282 (39.
2286 3186 2411 3280 40),
2448 3203 2521 3263 ut

312 3322 574 3386 sperare
610 3305 744 3387 jam
782 3308 1016 3372 certius
1056 3314 1120 3371 et
1161 3308 1472 3374 confidere
1497 3310 1805 3377 videatur.
1850 3310 2091 3376 Rursus
2120 3317 2329 3375 autem
2358 3308 2520 3374 hanc

309 3410 501 3478 fidem
543 3413 633 3478 sic
675 3432 890 3480 amore
933 3422 1238 3497 perpetuo
1278 3419 1586 3498 promisso
1629 3417 1842 3504 firmat
1884 3418 2010 3499 (41.
2053 3416 2203 3500 42.),
2277 3423 2349 3482 ut
2395 3417 2515 3481 nisi

317 3519 628 3600 Cynthiae
685 3522 958 3603 gratiam
1018 3529 1202 3589 tanto
1244 3525 1434 3590 animi
1473 3525 1703 3593 ardore
1736 3527 1868 3609 jam
1915 3526 2381 3608 expugnaverit,
2452 3533 2521 3591 at

313 3633 675 3698 constantia
729 3633 864 3715 ipse
921 3652 989 3700 se
1047 3652 1162 3700 sua
1220 3636 1654 3718 qualicunque·
1681 3636 1972 3704 fortunae
2007 3637 2258 3703 eventui
2300 3654 2518 3718 parem

310 3736 602 3804 futurum
645 3741 994 3807 ostendat.“

485 3851 792 3932 Equidem
852 3853 1254 3938 Hertzbergii
1323 3860 1700 3925 sententiam
1771 3858 2025 3923 minime
2065 3858 2335 3938 probare
2378 3874 2519 3938 pos-

495 4106 538 4174 ‘)
577 4114 715 4163 Dicit
751 4115 902 4174 enim,
941 4113 1258 4163 scribendum
1299 4127 1437 4163 esse:
1489 4113 1589 4163 Sed
1622 4128 1763 4162 nunc
1798 4114 2046 4161 inmerito
2085 4119 2256 4161 contra
2294 4116 2519 4163 omnium

318 4209 563 4260 librorum
598 4212 720 4263 Μεε.
759 4213 1126 4262 auctoritatem.
1163 4224 1284 4273 pro:
1323 4211 1419 4259 Sed
1452 4213 1853 4260 noniumerito.
