3082 4688
1181 276 1596 341 -23.—-

272 459 436 526 enim
479 478 726 525 summa
771 457 925 523 vitia
978 458 1041 522 in
1088 457 1275 540 Prop.
1319 456 1702 524 carminibus
1747 457 2132 524 emendando
2171 457 2484 524 tollenda:

272 569 327 634 si
362 587 487 650 qua
531 574 776 634 restant
820 567 1134 648 graviora,
1170 584 1359 648 quam
1402 573 1474 632 ut
1516 566 1790 632 humana
1833 584 1952 648 ope
1977 566 2218 648 possint
2257 564 2488 642 sanari,

274 677 449 759 ipsae
521 683 732 743 tamen
798 676 1103 757 reliquiae
1193 675 1596 756 quantumvis
1657 675 1904 741 lacerae
1974 682 2039 740 et
2105 675 2488 757 depravatae

274 783 711 850 demonstrant
768 783 990 865 peritis
1050 789 1114 849 et
1172 784 1352 864 quasi
1410 783 1702 865 clamant,
1779 783 2005 849 summi
2041 790 2285 865 poetae,
2364 800 2488 846 non

275 894 632 961 scholastici
678 894 885 959 nescio
930 894 1108 976 cujus
1170 912 1245 959 ea
1304 912 1441 959 esse
1478 897 1918 976 monumenta“
1969 930 2048 939 —
2094 894 2292 971 Quam
2338 911 2490 957 vera

276 1003 361 1070 sit
401 1003 556 1069 haec
601 1003 891 1069 Muelleri
933 1003 1262 1081 sententia,
1317 1023 1352 1069 e
1397 1002 1620 1084 tribuS,
1671 1021 1832 1085 quae
1876 1004 2130 1086 protuli,
2191 1002 2489 1084 exemplis

280 1128 656 1192 cognoscere
711 1109 943 1188 licebit,
1020 1111 1082 1175 in
1142 1110 1369 1192 quibus
1430 1118 1646 1192 partes
1690 1112 2006 1194 dispersas
2061 1131 2321 1194 prorsus
2365 1128 2489 1174 non

287 1220 644 1287 intellectas
684 1239 822 1286 esse
864 1239 903 1285 a
944 1220 1097 1285 viris
1143 1221 1343 1286 doctis
1387 1221 1767 1302 videbimus,
1811 1224 2068 1289 eaedem
2116 1241 2268 1288 vero
2318 1228 2490 1286 recte

286 1332 650 1414 conjunctae
690 1331 996 1413 optimum
1042 1330 1335 1396 exhibent
1355 1349 1608 1397 sensum
1644 1350 1982 1414 omnesque
2009 1334 2265 1398 lacunas
2302 1338 2492 1412 atque

284 1440 470 1507 falsas
542 1442 842 1507 lectiones
908 1440 1372 1523 verborumque
1428 1441 1922 1525 significationes
1982 1443 2251 1508 dilucide
2313 1440 2493 1506 nobis

280 1551 640 1618 ostendunt.
725 1551 857 1618 Nec
910 1570 1033 1617 non
1094 1551 1194 1618 hic
1248 1552 1483 1633 ingenii
1527 1571 1786 1617 acumen
1831 1551 2216 1617 Lachmanni
2276 1549 2492 1615 mirari

283 1663 607 1742 debemuS,
673 1679 796 1743 quo
839 1661 1072 1743 ubique
1115 1659 1249 1728 fere
1295 1668 1469 1728 recta
1513 1663 1787 1740 invenit3
1858 1669 1923 1728 et
1978 1662 2030 1727 si
2091 1680 2213 1726 non
2259 1678 2493 1738 omneS,

283 1789 444 1852 quas
487 1769 718 1836 statuit
759 1769 1034 1850 lacunaS,
1071 1788 1256 1836 veras
1300 1788 1437 1839 esse
1481 1770 1912 1848 concesserim,
1981 1775 2049 1834 at
2091 1774 2262 1834 certe
2298 1767 2493 1849 pluri-

289 1897 427 1945 mas
471 1878 871 1959 sagacissime
910 1878 1189 1945 detectas
1226 1897 1381 1958 esse,
1418 1880 1672 1944 minime
1716 1878 2094 1961 negaverim.
2130 1877 2261 1943 Nec
2289 1879 2494 1943 minus

286 1989 524 2054 clarior
566 1986 676 2054 fiet
711 1989 1018 2070 sagacitas
1062 1990 1215 2071 ejns,
1253 1990 1306 2054 si
1345 1989 1460 2055 hoc
1505 2008 1802 2072 magnum
1847 1989 2124 2054 studium
2156 1989 2497 2054 intentum-

282 2117 407 2179 que
454 2097 735 2163 laborem
782 2100 1243 2181 comparaveris
1286 2119 1426 2166 cum
1473 2119 1549 2166 ea
1586 2101 1848 2181 ratione,
1892 2118 2018 2182 qua
2039 2099 2495 2181 Hertzbergius

283 2206 577 2288 plurimis
637 2206 787 2272 locis
843 2208 1313 2274 Lachmannum
1374 2206 1663 2273 refellere
1718 2207 1991 2286 studuit3
2065 2207 2298 2288 ubique
2352 2225 2497 2285 cog-

284 2332 612 2380 noscemus
655 2313 820 2381 hunc
862 2323 976 2381 aut
1019 2315 1317 2382 victorem
1364 2315 1685 2383 discedere
1729 2323 1841 2383 aut
1882 2322 2054 2382 certe
2081 2333 2294 2381 verum
2341 2315 2493 2381 divi-

289 2442 491 2490 nasse.
535 2424 658 2492 Sed
696 2425 829 2507 J‘am
877 2432 1272 2492 transeamus
1314 2425 1396 2491 ad

873 2577 1117 2634 cARM.
1155 2580 1233 2646 11,
1276 2580 1310 2633 6
1350 2577 1926 2634 TRACTANDUM.

459 2717 526 2781 ln
569 2717 687 2783 hoc
721 2720 995 2785 carmine
1042 2740 1162 2786 non
1207 2729 1355 2804 apte
1399 2723 1567 2788 inter
1609 2740 1677 2788 se
1721 2740 1912 2787 nexas
1956 2739 2090 2786 esse
2136 2719 2501 2798 sententiaS,

278 2823 413 2905 jam
450 2823 732 2907 Scaliger
775 2828 1101 2909 intellexit,
1146 2828 1572 2911 quamobrem,
1640 2848 1764 2894 non
1807 2829 2011 2893 minus
2056 2828 2118 2892 in
2163 2827 2500 2909 Propertio

286 2935 683 3003 emendando
728 2940 1007 3028 quamlin
1034 2939 1300 3021 Tibullo,
1348 2940 1574 3021 audax,
1618 2940 1822 3021 prima
1847 2945 1988 3005 octo
2015 2938 2282 3003 disticha
2304 2955 2502 3019 usque

295 3044 374 3108 ad
417 3064 472 3111 ν.
521 3052 595 3113 16
638 3047 952 3115 submovit
965 3070 985 3126 3
1046 3050 1268 3115 deinde
1311 3069 1366 3115 v.
1427 3056 1532 3116 41.
1573 3055 1672 3115 42.
1714 3047 1792 3113 ab
1837 3048 1953 3114 hac
1990 3049 2190 3130 elegia
2233 3049 2505 3115 resecuit

294 3159 485 3236 atque
530 3157 594 3221 in
639 3155 762 3223 fine
807 3160 1128 3241 sequentis
1172 3161 1517 3226 collocavit.
1561 3197 1644 3207 —
1688 3158 1929 3223 Deinde
1972 3158 2410 3225 Lachmannus
2436 3159 2500 3223 in

289 3264 495 3344 prima
541 3266 636 3331 ed.
682 3267 854 3350 Lips.
928 3269 1087 3334 1816
1126 3270 1413 3335 lacunam
1459 3269 1686 3335 statuit
1723 3275 1787 3334 et
1830 3276 1978 3334 ante
2024 3276 2088 3335 et
2130 3275 2274 3351 post
2317 3288 2372 3334 v.
2419 3273 2499 3334 25

290 3391 383 3454 sq.
430 3381 621 3457 atque
666 3376 753 3442 sic
800 3395 1092 3443 versuum
1140 3383 1240 3445 25.
1289 3384 1369 3445 26
1414 3398 1665 3444 sensum
1694 3381 1981 3461 exponit:
2024 3380 2239 3460 „Quid,
2284 3381 2504 3462 inquit,

289 3501 448 3565 opus
497 3484 617 3551 fuit
660 3488 885 3567 puellis
930 3488 1279 3556 Pudicitiae
1324 3489 1471 3555 fana
1530 3497 1873 3569 exstruere,
1940 3491 1991 3555 si
2037 3497 2246 3556 tamen
2293 3492 2506 3572 nuptis

290 3592 544 3676 impune
585 3613 848 3677 peccare
892 3597 1086 3663 licet?
1134 3634 1209 3644 —-
1268 3600 1483 3681 Nupta
1527 3600 1722 3681 igitur
1768 3599 2036 3682 Cynthia
2076 3600 2194 3664 fuit
2240 3648 2504 3666 .....

291 3702 418 3769 Sed
478 3703 592 3770 hoc
653 3711 862 3773 tamen
909 3708 1049 3774 loco
1093 3711 1471 3776 mentionem
1517 3710 1728 3775 mariti
1772 3710 1982 3792 inepte
2019 3710 2218 3792 injicit
2262 3712 2331 3792 is,
2403 3712 2502 3777 cui

289 3812 471 3877 unice
513 3831 703 3880 curae
747 3822 861 3897 est,
906 3822 978 3882 ut
1022 3817 1325 3899 nupta'in
1362 3818 1690 3899 conjugem
1720 3824 1953 3900 peccet,
1998 3819 2265 3884 amatori
2291 3826 2502 3884 autem

289 3920 490 3988 fidelis
532 3924 633 3990 sit.
680 3926 851 3992 Bene
888 3927 1086 4009 igitur
1128 3927 1596 3994 Broukhusius:
1655 3925 1715 3990 si
1758 3927 1962 3992 mcivis
2001 3929 2199 3991 mwm‘
2214 3926 2283 4008 ⁵).
2373 3930 2497 3996 Sed

464 4202 509 4268 ³)
547 4208 694 4257 Libri
733 4224 933 4262 omnes:
995 4213 1038 4258 si
1077 4213 1241 4261 culvis
1278 4219 1463 4276 nuptae
1502 4212 1759 4273 quidlibet
1796 4227 1905 4260 esse
1944 4214 2077 4265 licet.
