3082 4688
1241 320 1660 386 -19-

333 501 564 566 Tibulli
602 503 747 568 arti.
794 503 974 568 Hanc
1003 503 1198 587 igitur
1221 506 1739 590 simplicissimam
1793 509 1985 576 habes
2026 519 2281 578 nostrae
2314 514 2553 596 elegiae

333 614 810 696 dispositionem
830 634 845 678 ε

636 724 856 790 Totius
901 725 1194 790 carminis
1239 737 1679 808 argumentum
1727 750 1782 795 v.
1833 733 2009 796 1.»,4.

640 834 947 900 transitus
1007 835 1088 899 ad
1146 836 1419 917 prior-em
1469 856 1760 919 magnam
1805 846 2052 920 partem
2098 819 2152 904 5.
2200 846 2256 904 6.

515 942 744 1008 Prima
777 964 944 1026 pars
990 948 1214 1011 7—48.
1277 945 1633 1029 Descriptio
1680 948 1849 1014 vitae
1895 949 2168 1015 rusticae
2212 952 2558 1017 secundum

345 1054 596 1136 singula
638 1053 782 1118 anni
829 1059 1118 1135 tempora
1162 1054 1259 1134 (41
1320 1054 1412 1136 v.)

526 1172 575 1229 l.
616 1183 729 1227 ver
776 1169 983 1228 7-24

617 1291 670 1337 a.
716 1269 970 1337 labores
1017 1290 1068 1334 v.
1116 1277 1169 1334 7.
1216 1275 1253 1337 8

618 1379 678 1445 b.
726 1380 884 1462 Spes
922 1378 1042 1444 dea
1087 1379 1415 1445 invocatur
1451 1380 1541 1464 (v.
1581 1387 1637 1446 9.
1699 1382 1806 1465 10)

621 1508 671 1555 c.
716 1489 977 1555 deornm
1023 1491 1367 1569 agrestium
1414 1493 1737 1557 veneratio
1781 1498 2047 1559 11—-24.

512 1603 570 1662 2.
615 1600 858 1680 tempus
900 1615 1099 1677 usque
1142 1595 1227 1661 acl
1266 1617 1529 1661 messem
1573 1599 1831 1683 (aestas)
1892 1621 1946 1665 v,
1993 1606 2263 1669 25—36.

622 1725 678 1770 a.
728 1705 960 1787 gaudia
999 1713 1064 1770 et
1107 1705 1356 1771 labores
1393 1713 1660 1782 25-32.

612 1814 674 1878 b.
717 1813 926 1879 furum
967 1815 1384 1897 luporumque
1430 1817 1740 1882 invocatio
1787 1837 1843 1883 v.
1891 1824 1989 1884 33.
2036 1826 2117 1886 34

629 1939 679 1985 c.
720 1921 906 2001 Palis,
947 1922 1100 1988 deae
1143 1925 1532 2005 pastoritiae,
1588 1926 1905 1991 veneratio
1952 1945 2007 1991 V.
2054 1933 2153 1993 35.
2201 1934 2302 1993 36.

524 2037 579 2096 3.
626 2028 863 2095 Messis
894 2032 1316 2118 (auctumnus)
1363 2054 1416 2099 v.
1465 2040 1544 2100 37
1551 2042 1732 2100 —44.

520 2148 581 2207 4.
624 2141 824 2205 hiems
866 2162 984 2208 von
1030 2150 1298 2209 45-48,
1777 2198 1782 2205 .

640 2251 968 2317 Conclusio
1011 2253 1252 2333 primae
1296 2253 1498 2334 partis
1540 2273 1597 2318 v.
1643 2260 1742 2318 49.
1790 2260 1889 2318 50.

622 2363 945 2427 vtransitus
994 2363 1074 2428 ad
1118 2364 1455 2428 secundam
1498 2370 1744 2445 partem
1791 2365 2093 2445 maj0rem
2144 2371 2240 2429 51.
2289 2373 2391 2431 52.

526 2468 804 2537 Secunda
836 2492 1006 2555 pars
1023 2491 1043 2533 .·
1080 2474 1304 2539 Deliae
1347 2492 1525 2539 amor
1564 2493 1618 2536 v,
1662 2478 1927 2538 53—74.

807 2586 1001 2649 totius
1047 2584 1339 2649 carminis
1384 2583 1699 2649 conclusio
1762 2589 1839 2647 75
1870 2589 2028 2648 -78.

356 2690 514 2756 Num
554 2693 759 2758 minus
803 2701 990 2775 grata
1035 2701 1131 2760 est
1178 2701 1240 2759 et
1285 2693 1624 2760 artificiosa
1668 2694 1824 2759 haec
1853 2695 2147 2760 carminis
2172 2697 2558 2777 compositiO,

346 2807 686 2884 propterea
731 2802 898 2885 qnod
945 2800 1144 2867 libera
1203 2812 1300 2868 est
1344 2804 1706 2885 regularum
1767 2805 2125 2886 severitate,
2190 2807 2357 2888 quod
2414 2827 2559 2873 nus-

340 2933 534 2995 quam
579 2912 712 2979 fer'e
738 2916 1193 2980 sententiarum
1225 2915 1428 2978 ordini
1458 2917 1940 3005 respondentem
1969 2916 2318 2981 invenimus
2346 2936 2560 2998 parem

344 3042 643 3091 versuum
709 3026 1085 3090 numerum?
1155 3026 1287 3090 Hoc
1345 3026 1395 3090 si
1442 3027 1582 3107 quis
1634 3026 2012 3091 contendere
2057 3027 2266 3109 audet,
2338 3046 2560 3109 parum

355 3133 544 3198 sentit
592 3151 809 3197 veram
857 3134 1202 3199 carminum
1255 3132 1802 3214 pulchritudinem.
2332 3218 2336 3222 q

514 3242 714 3321 Nunc,
757 3261 895 3306 cum
942 3261 1191 3307 sensum
1238 3241 1832 3322 dispositionemque
1877 3242 2171 3306 carminis
2193 3242 2377 3323 plane
2423 3261 2560 3323 per-

342 3350 756 3431 spexerimus,
819 3350 1221 3431 respiciamus
1284 3350 1430 3413 licet
1487 3350 1549 3412 in
1613 3350 2021 3414 dilaceratam
2082 3350 2217 3431 eJus
2276 3349 2563 3446 formam,

342 3478 534 3541 quam
600 3460 715 3523 viri
786 3459 1129 3523 doctissimi
1200 3459 1376 3523 nobis
1442 3457 1903 3540 praebuerunt3
1974 3466 2164 3541 atque
2222 3467 2291 3525 ut
2334 3460 2563 3524 clarior

341 3571 536 3635 etiam
599 3570 710 3634 fiat
752 3570 1168 3652 perturbatio,
1244 3578 1390 3634 ante
1433 3570 1645 3635 oculos
1708 3569 1820 3634 tibi
1863 3589 2092 3652 ponam
2152 3571 2433 3652 elegiam,
2495 3579 2564 3635 ut

344 3680 729 3745 Ribbeckius
773 3699 909 3743 eam
955 3680 1206 3744 exhibet
1250 3681 1310 3743 in
1355 3679 1478 3744 fine
1520 3698 1672 3744 suae
1718 3680 2135 3760 quaestionis:

771 3789 1036 3853 Divitias
1083 3789 1244 3852 alius
1288 3788 1457 3852 fulvo
1500 3787 1618 3853 sibi
1665 3793 1966 3868 congerat
2010 3804 2166 3850 auro

773 3907 837 3963 et
881 3906 1095 3963 teneat
1133 3898 1282 3962 culti
1321 3899 1552 3980 J‘ugera
1595 3899 1795 3962 multa
1837 3897 1971 3976 soli,

768 4029 951 4090 quem
999 4010 1176 4073 labor
1221 4009 1510 4074 assiduus
1557 4009 1759 4073 vicino
1796 4013 2035 4072 terreat
2074 4006 2271 4087 hoste,

766 4121 1000 4185 Martia
1040 4122 1137 4184 cui
1181 4139 1430 4184 somnos
1475 4119 1735 4184 classica
1780 4119 1962 4199 pulsa
2007 4116 2266 4197 fugent:

770 4249 870 4297 me
915 4249 1054 4296 mea
1098 4235 1440 4313 paupertas
1476 4229 1608 4295 vita
1658 4229 1952 4295 traducat
1993 4228 2199 4308 inerti,
2525 4233 2563 4291 5

797 4355 803 4359 ,
2137 4333 2225 4393 2,..
