3082 4688
1463 310 1873 371 ..32-

673 493 742 554 tu
788 507 1015 570 rapere
1058 489 1327 557 intactas
1372 489 1638 556 docuisti
1687 491 1940 571 impune
1984 487 2284 554 Sabinas:

670 616 787 680 per
834 604 898 663 te
937 618 1101 664 nunc
1148 600 1383 665 Romae
1427 599 1734 682 quidlibet
1777 599 1970 665 audet
2016 599 2230 663 Amor.

671 706 818 772 felix
861 707 1108 773 Admeti
1150 707 1418 788 conjunx
1463 714 1528 773 et
1560 707 1772 793 *lectus
1809 706 2027 783 Ulixis,

670 819 734 878 et
776 830 1185 895 quaecunque
1230 815 1349 878 viri
1394 812 1625 880 femina
1667 814 1857 879 limen
1905 818 2098 879 amat.
2174 851 2256 861 —

551 926 632 987 25
676 939 831 1003 quos
877 925 1072 1004 igitur
1116 923 1230 988 tibi
1275 924 1583 1005 custodeS,
1620 942 1781 1006 quae
1826 923 2039 988 limina
2081 942 2328 1004 ponam,
2393 923 2550 988 Pars
2597 924 2678 987 ΙΙ.

673 1050 833 1112 quae
877 1051 1196 1115 nunquam
1239 1052 1435 1115 supra
1471 1053 1582 1115 pes
1628 1034 1914 1099 inimicus
1959 1032 2107 1098 eat?

679 1161 821 1207 nam
866 1142 1019 1208 nihil
1056 1143 1289 1209 invitae
1335 1144 1538 1209 tristis
1585 1144 1874 1208 eustodia
1917 1144 2194 1225 prodest.
2306 1156 2307 1159 ’

685 1268 870 1332 quam
915 1269 1180 1332 peccare
1221 1251 1436 1333 pudet,
1477 1252 1765 1334 Cynthia,
1809 1259 1949 1317 tuta
1991 1257 2091 1317 sat
2135 1256 2262 1316 est:

679 1377 792 1424 nos
831 1379 988 1424 uxor
1029 1378 1363 1440 nunquam,
1397 1378 1716 1440 nunquam
1763 1379 1861 1425 me
1906 1361 2092 1425 ducet
2135 1360 2351 1437 amica,

554 1474 633 1535 30
678 1488 925 1551 semper
968 1470 1167 1535 amica
1209 1469 1378 1550 mihi,
1422 1487 1674 1551 semper
1718 1476 1782 1534 et
1825 1488 1982 1533 uxor
2027 1470 2167 1534 eris,

681 1578 915 1659 templa
953 1577 1301 1643 Pudicitiae
1344 1577 1493 1658 quid
1533 1595 1690 1658 opus
1733 1576 2030 1642 statuisse
2082 1575 2325 1656 puellis,

679 1685 732 1749 si
774 1685 976 1749 cuivis
1010 1692 1242 1767 nuptae
1285 1684 1435 1767 quid
1478 1684 1631 1750 libet
1675 1702 1810 1750 esse
1855 1683 2045 1748 licet?
2088 1720 2167 1734 --

680 1793 785 1858 sed
829 1811 952 1857 non
987 1793 1277 1858 inmerito
1323 1792 1557 1858 velavit
1601 1811 1836 1857 aranea
1875 1789 2107 1869 fanum,
2164 1790 2322 1854 Pars
2363 1789 2474 1853 ΙΙΙ.

685 1908 751 1969 et
793 1903 959 1968 mala
1004 1904 1289 1969 desertos
1323 1909 1591 1983 occupat
1636 1901 1832 1967 herba
1876 1901 2058 1966 deos:

560 2018 639 2078 35
686 2031 847 2104 quae
891 2031 1112 2079 manus
1151 2013 1450 2079 obscenas
1495 2013 1776 2092 depinxit
1830 2011 2035 2093 prima
2077 2009 2343 2075 tabellas

682 2128 747 2187 et
788 2126 999 2203 posuit
1042 2126 1217 2186 casta
1251 2121 1463 2202 turpia
1506 2121 1640 2185 visa
1681 2121 1882 2198 domo,

683 2228 791 2293 illa
834 2227 1184 2309 puellarum
1229 2227 1532 2317 ingenuos
1570 2227 1852 2307 corrupit
1910 2225 2155 2303 ocelloS‚

681 2335 1118 2417 nequitiaeque
1160 2354 1311 2404 suae
1356 2334 1558 2401 noluit
1600 2354 1736 2400 esse
1774 2334 1982 2400 rudes.
2112 2320 2115 2321 ⁷

685 2444 764 2509 ah
806 2450 1035 2525 gemat,
1079 2445 1144 2509 in
1189 2444 1377 2510 terris
1415 2444 1548 2510 ‘ista
1591 2442 1702 2524 qui
1748 2442 2016 2523 protulit
2061 2447 2201 2505 arte

564 2556 645 2616 40
682 2551 897 2632 jurgia
940 2551 1057 2616 sub
1103 2553 1300 2617 tacita
1342 2551 1594 2618 condita
1632 2551 1892 2616 laetitia.
1977 2589 1983 2595 -

686 2676 810 2723 non
854 2658 992 2723 istis
1037 2658 1183 2723 olim
1228 2660 1559 2725 variabant
1602 2664 1770 2724 tecta
1803 2658 2057 2740 figuris:

690 2776 824 2833 tum
869 2768 1081 2849 paries
1127 2768 1297 2833 nullo
1343 2769 1599 2833 crimine
1643 2768 1847 2850 pictus
1875 2772 2043 2833 erat.
2088 2803 2161 2813 --

566 2877 897 2946 Difficilior
940 2879 1226 2960 quaestio
1271 2885 1368 2943 est
1411 2878 1490 2942 de

1449 3029 1688 3086 CARM.
1727 3030 1866 3097 11,8,

566 3175 628 3240 in
678 3191 801 3255 quo
858 3191 997 3238 cum
1059 3172 1315 3254 proprio
1375 3179 1749 3254 argumento
1811 3188 2029 3235 versus
2066 3169 2249 3251 plane
2292 3167 2529 3233 alienos
2573 3164 2763 3228 inter-

568 3286 795 3350 mixtos
838 3282 1243 3361 inveniamuS,
1314 3283 1501 3348 aliam
1566 3284 1727 3348 viam
1791 3280 2032 3362 ingredi
2077 3280 2373 3345 debemus
2419 3284 2483 3343 et
2525 3276 2766 3357 majora

566 3393 817 3459 audere.
2744 3407 2749 3411 ·

734 3528 855 3593 Hic
910 3535 1157 3608 quoque
1217 3526 1458 3607 primus
1513 3524 1794 3605 Scaliger
1838 3527 2098 3587 conatus
2141 3525 2239 3584 est
2296 3518 2496 3583 lucem
2540 3513 2766 3581 afferre

573 3636 815 3718 magnis
874 3635 996 3700 illis
1055 3633 1349 3707 tenebris,
1420 3632 1644 3713 quibus
1692 3638 1840 3696 tunc
1885 3627 2181 3710 temporis
2219 3625 2435 3690 critica
2475 3621 2768 3688 carminis

565 3723 837 3813 conditio
881 3744 1230 3811 tenebatur.
1303 3742 1461 3808 Vide
1506 3742 1688 3820 enim,
1732 3739 1980 3821 qualem
2023 3734 2330 3802 invenerit
2391 3732 2591 3797 nostri
2631 3748 2765 3796 car-

567 3858 751 3922 minis
801 3855 1083 3934 formam,
1163 3854 1257 3919 vel
1318 3853 1529 3934 potius
1593 3850 1841 3932 qualem
1883 3848 2227 3913 frustorum
2281 3842 2662 3923 farraginem
2704 3840 2767 3903 in

570 3966 985 4036 veterioribus
1037 3963 1446 4030 editionibus:
1525 3967 1668 4042 post
1725 3979 1783 4026 v,
1829 3964 1865 4024 6
1911 3956 2129 4023 inserti
2174 3961 2356 4020 erant
2413 3952 2517 4018 lib.
2561 3952 2770 4030 IV,18,

572 4084 671 4145 29.
716 4082 814 4156 30,
872 4073 1095 4142 deinde
1139 4072 1281 4153 11,6‚
1349 4074 1633 4148 15—223
1696 4068 1836 4148 II‚8‚
1910 4067 2157 4132 29-40
2213 4062 2485 4143 (inverso
2552 4058 2771 4124 ordine

570 4195 669 4256 31.
713 4194 827 4268 323
890 4191 988 4251 29.
1028 4182 1186 4264 30.);
1263 4186 1504 4260 7—103
1575 4177 2001 4261 sequebantur
2044 4176 2185 4256 11‚9,
2254 4178 2306 4237 1.
2368 4177 2445 4251 23
2512 4173 2770 4235 11—16.
