3082 4688
1238 285 1653 348 ...21—

332 490 543 535 rerum
603 470 976 551 depravatio
1043 468 1210 534 facta
1252 473 1366 548 est,
1447 474 1516 532 ut
1580 467 1746 549 quod
1807 486 2024 545 verum
2084 467 2276 533 fuerit
2318 474 2543 550 poe'tae

332 580 678 659 consilium,
726 597 847 643 non
886 579 1075 643 liceat
1113 595 1507 659 cognoscere.
1586 578 1729 644 Jam
1789 583 2038 659 tempus
2082 585 2178 645 est
2220 597 2543 645 removere

332 691 492 756 tales
581 707 849 768 erroreS,
936 706 1076 753 cum
1145 687 1207 752 in
1287 686 1690 752 novissimam
1753 686 1983 752 Tibulli
2042 688 2378 754 editionem
2448 689 2541 771 (L.

329 799 649 881 Muelleri)
708 817 815 865 eos
851 803 1138 879 receptos
1198 796 1462 863 videam.
1501 796 1777 878 Simplex
1820 796 1940 862 fuit
1982 803 2046 863 et
2080 798 2333 863 minime
2374 800 2542 864 sinu-

329 930 479 977 osus
536 909 763 975 Tibulli
821 909 1085 988 animuS,
1164 907 1572 990 quamobrem
1617 913 1682 973 et
1725 908 1987 990 simplici
2033 915 2242 975 mente
2302 917 2368 975 et
2407 911 2543 976 sine

330 1019 717 1104 praejudicio
780 1018 1061 1082 carmina
1120 1016 1354 1098 legenti
1417 1034 1574 1097 opus
1627 1021 1723 1080 est
1783 1015 1856 1095 ei,
1937 1017 2044 1097 qui
2103 1023 2276 1083 recte
2335 1037 2410 1082 ea
2451 1018 2543 1082 in-

331 1131 634 1210 tellegere
690 1130 842 1194 vult.
931 1127 1066 1193 Hoc
1132 1129 1266 1192 loco
1328 1145 1521 1190 unum
1595 1131 1842 1191 tantum
1901 1126 2146 1193 illustre
2191 1129 2540 1209 exemplum

329 1238 581 1321 protuli,
624 1256 747 1319 quo
793 1237 1310 1314 demonstrarem,
1355 1239 1659 1315 quantum
1704 1252 1808 1299 ars
1847 1234 2066 1298 critica
2089 1234 2273 1299 nimis
2311 1241 2542 1317 arguta

330 1349 622 1412 damnum
691 1343 947 1410 afferret
1006 1343 1284 1425 pulchris
1345 1340 1757 1420 carminibus3
1827 1341 1937 1405 sed
1997 1341 2123 1406 alia
2188 1360 2434 1425 quoque
2477 1344 2539 1407 in

323 1462 624 1537 promptu
686 1454 836 1518 mihi
899 1451 1096 1528 fuere,
1165 1450 1392 1533 quibus
1437 1449 1603 1514 idem
1643 1448 2080 1513 demonstrare
2124 1449 2384 1528 licebat3
2464 1449 2540 1514 de

322 1564 551 1645 quibus
620 1562 742 1626 alio
810 1562 946 1626 loco
1016 1578 1205 1640 agere
1258 1558 1323 1621 in
1388 1557 1596 1621 animo
1656 1556 1806 1620 mihi
1849 1562 1961 1621 est.
2007 1592 2084 1599 —
2157 1557 2353 1637 Nunc,
2399 1577 2536 1623 cum

322 1677 641 1756 integrum
680 1690 929 1736 carmen
976 1670 1223 1735 Tibullo
1282 1667 1743 1747 vindicaverim,
1817 1666 1898 1731 ad
1945 1667 2262 1748 Propertii
2306 1669 2539 1749 elegias

325 1787 634 1846 transitus
675 1779 806 1858 fiat,
868 1797 1023 1860 quas
1083 1780 1135 1843 si
1198 1798 1272 1843 ex
1316 1778 1662 1842 dilacerata
1706 1775 1987 1841 codicum
2031 1774 2232 1840 forma
2272 1777 2339 1840 in
2381 1779 2538 1842 inte-

229 1912 230 1915 *
331 1906 516 1968 grum
560 1887 911 1964 restituerO,
973 1906 1094 1952 non
1141 1887 1383 1953 minore
1427 1885 1659 1967 gaudio
1697 1885 1942 1948 animus
1988 1881 2316 1949 afficietur.

417 2163 540 2252 DE
592 2159 1080 2254 PROPERTH
1132 2161 1694 2256 CARMINIBUS
1729 2165 1910 2268 ΙΙ;6;
1962 2161 2143 2277 IL&
2194 2164 2434 2265 HLll.

484 2353 780 2416 Fortasse
845 2371 967 2417 non
1034 2352 1096 2416 in
1174 2353 1296 2417 alio
1362 2353 1675 2434 scriptore
1742 2361 1870 2417 tam
1932 2354 2254 2433 praeclare
2295 2360 2359 2417 et
2408 2361 2535 2416 tam

324 2469 622 2543 prospere
665 2464 942 2527 exercita
980 2469 1075 2527 est
1120 2482 1225 2527 ars
1274 2463 1510 2543 critica,
1557 2481 1744 2543 quam
1776 2463 1839 2526 in
1867 2463 2221 2543 Propertio,
2268 2461 2537 2527 fortasse

325 2590 470 2637 vero
519 2590 638 2636 non
683 2573 843 2637 alius
882 2573 1154 2654 scriptor
1185 2573 1341 2637 adeo
1368 2573 1690 2653 indigebat
1725 2574 2229 2638 doctissimorum
2256 2574 2536 2638 virorum

324 2701 505 2761 cura3
582 2683 813 2747 misera
874 2684 1038 2747 enim
1101 2691 1197 2748 est
1241 2684 1515 2747 omnium
1563 2683 1840 2749 codicum
1889 2683 2162 2750 conditio
2207 2690 2268 2749 et
2313 2684 2536 2748 dilace-

321 2800 477 2858 rata.
567 2795 656 2857 Ac
722 2794 992 2875 primum
1064 2794 1333 2873 quidem,
1421 2813 1729 2875 quaenam
1794 2793 1948 2859 fides
1994 2794 2328 2864 tribuenda
2371 2800 2537 2859 esset

317 2902 708 2983 singulorum
802 2902 1082 2966 codicum
1166 2903 1548 2981 auctoritati,
1637 2903 2111 2984 diligentissime
2178 2904 2294 2967 viri
2373 2904 2538 2967 docti

324 3010 786 3089 quaesiverunt.
875 3010 1312 3076 Lachmannus
1372 3012 1622 3092 quidem
1684 3033 1717 3075 e
1762 3030 1989 3093 magna
2033 3012 2337 3076 librorum
2387 3012 2536 3075 Mss.

327 3117 643 3201 farragine
689 3122 842 3186 duos
887 3122 1279 3203 potissimum
1336 3123 1544 3203 elegit,
1612 3140 1768 3203 quos
1821 3128 1892 3186 ut
1934 3122 2186 3186 minime
2231 3123 2533 3187 Italorum

329 3230 918 3312 interpolationibus
965 3238 1297 3314 corruptos
1341 3232 1693 3314 sequendos
1738 3232 2012 3312 duceret,
2059 3232 2535 3314 Groninganum

320 3343 386 3403 et
428 3339 951 3420 Neapolitanum3
997 3359 1376 3422 quamquam
1424 3342 1621 3405 multo
1667 3342 1808 3424 plus
1854 3341 2077 3407 tribuit
2123 3342 2533 3423 Groningano

321 3446 481 3511 libro
551 3465 737 3529 quam
784 3448 1218 3530 Neapolitano
1309 3449 1573 3514 Secutus
1631 3458 1728 3514 est
1786 3449 2251 3514 Lachmannum
2310 3449 2534 3513 Hertz-

320 3553 579 3634 bergius
622 3554 905 3632 Quaestt.
948 3557 1135 3638 Prop.
1184 3561 1494 3622 233—35.
1557 3560 1639 3623 At
1685 3577 1832 3622 vero
1894 3558 1971 3621 de
2016 3557 2151 3622 cod.
2197 3558 2367 3622 Gron
2415 3556 2536 3623 fide

325 3665 685 3746 nuperrime
751 3666 989 3748 optimo
1046 3667 1191 3747 juro
1238 3667 1592 3733 dubitatum
1641 3676 1736 3733 est
1781 3687 2046 3749 eumque
2087 3669 2285 3734 multo
2332 3670 2534 3750 magis

320 3793 509 3855 quam
554 3776 751 3857 Neap.
790 3776 868 3841 ab
914 3775 1091 3841 Italis
1134 3778 1582 3859 interpolatum
1639 3779 2176 3860 depravatumque
2230 3798 2365 3844 esse
2429 3780 2533 3843 de-

319 3891 832 3952 monstraverunt
877 3887 1311 3954 Heimreichus
1356 3889 1638 3966 Quaestt.
1686 3890 1868 3970 Prop.
1898 3890 2092 3953 Bonn.
2123 3891 2280 3954 1863
2311 3888 2533 3954 Grum-

322 3996 486 4061 mius
551 3996 629 4061 de
700 3997 1015 4063 codicibus
1081 3999 1271 4080 Prop.
1343 4000 1538 4080 Neap.
1601 4005 1664 4064 et
1708 3999 1900 4064 Gron.
1949 4000 2180 4064 Aurich
2233 4002 2411 4066 1868.
2455 4037 2532 4045 -—

322 4104 441 4169 His
493 4110 703 4171 tamen
756 4106 833 4170 de
877 4106 1140 4187 singulis
1203 4106 1517 4171 codicibus
1586 4106 2055 4187 quaestionibus
2100 4126 2221 4171 non
2268 4106 2429 4171 idem
2468 4108 2532 4173 in

321 4214 659 4296 Propertio
705 4215 824 4280 viri
868 4215 1035 4281 docti
1080 4214 1422 4283 effecerunt
1464 4222 1655 4300 atque
1691 4216 1755 4282 in
1799 4217 1938 4283 aliis
1981 4217 2297 4301 plerisque
2340 4220 2535 4303 scrip-
