3082 4688
1289 330 1668 390 -5-

377 508 581 572 causis
626 508 704 571 ad
752 527 1013 587 magnos
1059 530 1203 573 suos
1250 516 1510 574 conatus
1549 509 1857 573 adductus
1885 508 1997 586 sit,
2051 527 2430 589 exposuer03
2476 506 2590 569 hoc

377 620 429 684 si
499 616 744 697 fecer0,
809 618 992 683 simul
1062 626 1258 685 totam
1318 619 1799 701 argumentandi
1868 619 2174 684 rationem
2237 616 2592 699 perspicere

379 712 620 805 licebit,
681 744 869 806 quam
926 727 984 790 in
1033 726 1278 792 Tibullo
1325 727 1712 792 emendando
1770 727 2194 792 adhibuerunt
2238 726 2355 790 viri
2403 725 2589 790 docti.

380 876 463 885 —
496 837 786 902 Omnium
836 857 1120 903 errorum
1164 836 1399 903 fontem
1446 837 1638 903 fuisse
1680 838 1964 903 existimo
2010 858 2062 902 v.
2104 843 2203 902 35.
2247 842 2326 902 36
2365 837 2470 901 ubi
2514 837 2592 901 de

381 948 536 1013 Pale
578 948 695 1013 dea
739 948 1020 1029 loquitur
1061 955 1266 1029 poeta.
1354 950 1516 1013 Hinc
1580 949 1742 1013 enim
1789 967 2047 1013 exorsus
2091 946 2469 1013 Ribbeckius
2530 949 2592 1012 in

389 1056 526 1137 ipso
572 1055 750 1120 initio
796 1057 1338 1122 commentationis
1384 1058 1566 1123 dicit:
1618 1060 1745 1136 „Ac
1788 1059 2058 1140 primum
2103 1057 2395 1136 deorum,
2439 1075 2594 1137 quos

389 1184 456 1229 se
500 1165 787 1229 venerari
834 1165 985 1230 dicit
1029 1165 1345 1246 Tibullus,
1389 1184 1446 1231 V.
1496 1173 1564 1230 11
1618 1186 1750 1248 sqq.
1797 1167 2076 1232 ordinem
2121 1165 2416 1230 immixtis
2452 1166 2595 1230 alie-

385 1275 481 1339 nis
527 1274 716 1340 rebus
772 1275 1142 1341 distractum
1189 1295 1325 1341 esse
1361 1277 1491 1357 jam
1538 1276 1818 1358 Scaliger
1862 1277 2075 1341 vidit“.
2164 1276 2402 1341 Deinde
2451 1296 2593 1358 pag.

387 1389 423 1446 5
468 1401 602 1465 sqq.
690 1383 888 1460 Quam
933 1382 1125 1448 fuisse
1170 1403 1421 1449 causam
1466 1385 1774 1464 dicemuS,
1831 1404 1942 1450 cur
1986 1404 2147 1466 quae
2203 1385 2285 1449 ad
2330 1385 2594 1450 eundem

384 1494 781 1576 popularium
829 1495 1148 1559 numinum
1196 1503 1439 1560 coetum
1486 1496 1793 1577 pertinet,
1859 1498 2024 1561 alma
2059 1496 2274 1575 PaleS‚
2333 1516 2456 1561 non
2497 1496 2597 1562 hic

387 1609 1001 1683 commemoraretur,
1044 1604 1149 1667 sed
1193 1605 1422 1669 multos
1460 1612 1604 1686 post
1651 1624 1869 1669 versus
1920 1604 2125 1669 infra?
2166 1640 2242 1650 —
2278 1604 2599 1686 perspexit

389 1711 533 1777 olim
595 1712 908 1792 Scaliger,
994 1730 1128 1776 eam
1206 1730 1345 1777 cum
1404 1731 1461 1776 v.
1548 1717 1821 1778 11—14
1876 1712 2371 1794 conjungendam
2442 1731 2596 1793 esse,

394 1838 771 1900 quamquam
815 1820 979 1900 quod
1017 1819 1112 1884 his
1147 1823 1514 1902 praeposuit
1552 1821 1807 1902 probari
1850 1841 1970 1887 non
2010 1827 2237 1903 potest,
2288 1821 2435 1903 quia
2464 1827 2599 1887 tota

396 1930 549 1995 haec
594 1931 671 1995 de
728 1933 897 1996 cultu
943 1931 1201 1996 deorum
1246 1933 1589 2020 agrestium
1635 1951 1783 2013 pars
1841 1931 2048 1997 verbis
2107 1952 2287 2011 „nam
2335 1951 2598 1998 veneror

394 2045 509 2104 etc.
573 2040 892 2104 exordium
965 2040 1203 2120 cepisse
1265 2040 1512 2104 videtur
1567 2060 1606 2104 a
1662 2039 1986 2118 Termin0,
2044 2059 2227 2121 quem
2288 2039 2598 2119 SilvanuS,

391 2147 616 2212 deinde
660 2147 863 2226 PaleS,
906 2149 1036 2213 sive
1078 2148 1217 2228 quis
1260 2147 1420 2213 hanc
1471 2147 1849 2229 praecedere
1893 2147 2115 2226 malet,
2175 2152 2321 2228 apte
2380 2165 2599 2227 seque-

396 2263 629 2320 tantur.
690 2293 772 2303 --
818 2237 1080 2334 Quando
1160 2252 1303 2337 pOst
1370 2276 1427 2320 V.
1479 2262 1555 2320 14
1613 2255 1745 2334 vel,
1805 2256 1969 2336 quod
2029 2255 2160 2335 ipse
2215 2261 2388 2318 certo
2449 2250 2606 2335 qua?

387 2370 527 2434 dam
598 2368 676 2431 de
737 2387 926 2432 causa
985 2367 1304 2449 praefero,
1378 2374 1538 2448 post.
1599 2386 1654 2431 v.
1707 2369 1780 2430 12
1839 2366 2203 2429 inseruntur
2264 2384 2317 2429 v.
2365 2370 2444 2429 35
2505 2382 2596 2444 sq.

393 2475 564 2554 „hic“
626 2476 705 2539 ad
775 2475 1055 2540 verbium
1125 2474 1556 2557 explicandum
1628 2476 1750 2539 erit
1824 2474 1923 2552 „in
2005 2491 2158 2553 agro
2239 2474 2437 2537 meo“.
2518 2509 2595 2515 —

390 2583 740 2648 Cohaerere
797 2585 1006 2649 omnia
1063 2584 1207 2647 inde
1266 2602 1304 2647 a
1346 2603 1405 2646 v.
1456 2581 1550 2644 25
1606 2599 1805 2662 usque
1870 2579 1954 2645 ad
2010 2601 2068 2644 v.
2123 2578 2217 2644 34
2280 2579 2600 2661 perspexit

390 2694 680 2759 Haasius.
770 2696 858 2760 Ac
917 2694 1184 2760 fortasse
1241 2693 1571 2760 toleranda
1615 2692 1768 2758 haec
1810 2712 1959 2775 pars
2013 2693 2261 2774 integra
2305 2709 2417 2756 suo
2463 2690 2597 2755 loco

391 2811 587 2883 esset,
645 2805 697 2869 si
760 2806 1001 2886 reliqua
1058 2824 1211 2869 sana
1244 2790 1367 2868 'vel
1426 2803 1741 2869 tolerabili
1798 2804 2018 2868 saltem
2074 2803 2292 2867 ordine
2353 2820 2601 2883 compo-

392 2915 515 2979 sita
556 2924 782 2980 essent.
872 2915 1104 2979 Verum
1153 2935 1273 2978 non
1320 2914 1480 2996 fugit
1523 2915 1855 2993 Haasium,
1918 2914 2083 2997 quod
2132 2932 2378 2979 versum
2423 2915 2463 2977 6
2506 2933 2601 2978 se-

393 3025 608 3106 quitur
665 3026 1009 3105 distichon,
1074 3026 1254 3106 „Ipse
1298 3045 1502 3090 seram
1558 3031 1676 3090 etc.
1723 3044 1843 3090 non
1904 3024 2027 3089 huc
2083 3024 2432 3106 pertinere,
2495 3023 2598 3088 ubi

395 3135 663 3198 rusticae
694 3135 860 3197 vitae
897 3135 1202 3198 securitas
1239 3139 1598 3211 exornatur,
1643 3133 1750 3212 sed
1790 3132 1954 3209 illuc,
1998 3132 2103 3196 ubi
2146 3132 2429 3212 quamvis
2472 3132 2600 3195 otio

394 3240 639 3305 deditus
682 3248 889 3306 tamen
938 3260 1058 3305 non
1106 3242 1314 3305 omnia
1359 3260 1424 3304 sc
1470 3259 1664 3320 opera
1706 3240 2061 3304 detrectare
2098 3238 2370 3304 affirmat
2412 3246 2602 3320 poeta

398 3372 453 3416 v.
498 3355 578 3416 29
626 3369 716 3431 sq.
755 3387 832 3395 —-
880 3353 959 3416 34
1009 3351 1177 3430 „Nec
1221 3358 1431 3415 tamen
1478 3350 1831 3414 interdum“
1881 3355 2031 3427 etc.;
2092 3348 2318 3430 quibus
2361 3350 2414 3413 si
2457 3348 2603 3413 Sca-

395 3460 593 3542 ligero
638 3468 894 3526 auctore
937 3461 1431 3542 praemittuntur
1468 3480 1522 3523 v.
1571 3466 1607 3523 7
1651 3478 1739 3541 sq.
1785 3459 2057 3541 primum
2103 3457 2356 3539 frugum
2395 3477 2604 3523 seren-

397 3570 617 3634 darum
664 3588 879 3635 curam
923 3567 1283 3647 faciliorem,
1337 3568 1562 3633 deinde
1605 3586 1766 3649 quae
1811 3567 2173 3631 molestiora
2221 3566 2416 3630 videri
2462 3585 2601 3647 pos-

397 3689 575 3760 sunt,
642 3680 943 3744 arationis
1004 3687 1066 3744 et
1126 3679 1215 3743 rei
1261 3679 1593 3760 pecuariae
1640 3696 1834 3760 opera
1877 3677 2184 3758 quaedam
2243 3675 2361 3741 sibi
2406 3676 2603 3741 vindi-

398 3796 519 3855 cat.
569 3824 645 3836 —
690 3790 811 3854 Sed
855 3791 1004 3854 illud
1054 3808 1300 3871 quoque
1345 3787 1880 3869 ingeniosissimus
1920 3787 2015 3851 vir
2058 3786 2386 3867 praeclare
2422 3786 2606 3850 intel-

400 3901 623 3967 lexisse
682 3901 956 3979 videtur,
1025 3900 1296 3981 expulsis
1352 3919 1410 3962 v.
1456 3904 1492 3961 7
1550 3915 1639 3978 sq.
1687 3898 1920 3979 optime
1963 3905 2128 3962 coire
2175 3916 2227 3960 v.
2277 3902 2313 3961 6
2358 3915 2498 3961 cum
2545 3916 2604 3960 v,

403 4014 438 4072 9
483 4027 573 4089 sq.
749 4008 845 4072 hic
894 4009 1030 4072 vide
1074 4008 1239 4084 mihi,
1286 4027 1470 4089 quam
1518 4006 1778 4087 pulchre
1835 4006 2149 4069 inseratur
2194 4005 2399 4069 acrior
2443 4005 2602 4070 desi-

402 4120 560 4184 derii
605 4119 1009 4200 significatio,
1063 4119 1196 4184 fore
1242 4127 1312 4183 ut
1358 4118 1612 4182 tandem
1657 4116 1991 4199 aliquando
2040 4116 2224 4180 nullis
2281 4116 2607 4181 lacessitus

401 4227 639 4311 officiiS,
684 4249 908 4296 vacare
966 4231 1044 4296 ab
1104 4229 1433 4297 itineribus
1492 4234 1556 4292 et
1614 4228 1741 4294 otio
1798 4225 1924 4292 frui
1975 4227 2189 4308 possit.
2278 4223 2452 4311 Eryo
2509 4224 2610 4292 hic
