3082 4688
30 4195 121 4537 l

156 3355 165 3436 ὴ,-

376 487 629 549 21-26
674 480 923 547 initium
969 498 1106 545 esse
1146 479 1458 561 carminiS,
1517 480 1742 546 deinde
1786 485 2035 547 secutos
2081 498 2218 546 esse
2263 498 2322 547 v.
2373 481 2596 558 1—20,

294 589 664 657 'ultimam
708 594 958 671 partem
997 588 1410 669 repetendam
1456 608 1593 655 esse
1637 609 1672 655 e
1717 608 1907 655 carm.
1937 591 2044 671 IV,
2074 596 2130 671 9,
2174 587 2501 667 4-·58“).
2531 622 2608 634 -

378 700 624 767 Deinde
668 718 812 782 pag.
859 704 940 764 26
986 698 1317 780 probabili,
1363 705 1432 763 ut
1478 697 1630 762 mihi
1678 699 1946 779 videtur,
1993 699 2374 780 conjectura,
2418 715 2611 778 quae-

379 813 487 891 rit,
531 828 656 892 quo
699 809 888 875 modo
934 814 1157 873 exorta
1196 807 1281 873 sit
1321 808 1429 873 illa
1469 809 1851 889 corruptela,
1896 826 2021 889 qua
2065 808 2271 889 prima
2312 805 2608 872 carminis

381 938 531 1002 pars
571 921 638 983 in
683 917 870 984 finem
914 917 1278 999 pervenerit
1325 922 1516 997 atque
1548 917 1637 982 sic
1661 922 2175 996 argumentatur:
2227 916 2421 996 „Cum
2446 916 2610 980 enim

383 1028 576 1095 valde
620 1027 738 1093 boc'
782 1028 918 1092 loco
964 1026 1292 1092 mutilatas
1331 1032 1395 1091 et
1438 1026 1853 1106 perturbatas
1895 1025 2090 1091 fuisse
2118 1026 2349 1091 codicis
2396 1024 2615 1090 arche-

324 1176 331 1227 5
387 1137 522 1220 typi
569 1139 836 1219 paginas
882 1136 1190 1201 edoceant
1234 1142 1536 1216 corrupta
1565 1142 1629 1201 et
1665 1136 1973 1214 mutilata,
2018 1155 2181 1217 quae
2209 1135 2608 1215 antecedunt,

322 1254 327 1275 ⁸
387 1247 688 1327 carmina,
761 1245 861 1311 hic
920 1263 1172 1326 quoque
1233 1264 1354 1310 non
1400 1250 1613 1326 potest
1658 1263 1779 1310 non
1827 1245 2092 1326 cogitari
2137 1244 2214 1309 de
2258 1243 2407 1309 folio
2452 1262 2608 1326 quo-

386 1356 531 1422 dam
579 1355 948 1420 dilacerate.
1033 1354 1380 1419 Dilacerati
1446 1354 1644 1434 igitur
1689 1353 1875 1435 hujus
1912 1351 2046 1419 folii
2090 1371 2231 1417 cum
2277 1351 2441 1417 duae
2486 1351 2614 1416 sint

387 1463 680 1545 paginae,
751 1460 812 1525 in
873 1460 1080 1525 altera
1142 1460 1256 1524 hos
1317 1478 1426 1523 sex
1488 1478 1710 1525 versus
1756 1461 1895 1540 (III,
1949 1467 2040 1540 10,
2092 1461 2367 1539 21—26)
2413 1459 2610 1524 lectos

390 1571 589 1637 fuisse
628 1570 971 1636 verisimile
1008 1575 1121 1648 est,
1198 1569 1261 1632 in
1316 1570 1519 1634 altera
1557 1588 1666 1634 sex
1711 1571 1869 1649 illos,
1914 1571 2022 1652 qui
2065 1576 2416 1651 sequuntur
2461 1568 2606 1651 (III,

239 1702 307 1769 -ae'
393 1686 491 1758 11,
541 1676 772 1761 1-6.).
846 1677 982 1741 Hos
1020 1676 1234 1757 igitur,
1298 1676 1405 1757 qui
1451 1682 1820 1758 sequuntur,
1867 1695 2105 1757 versuS,
2178 1677 2385 1742 locum
2431 1693 2616 1740 suum

392 1792 458 1850 et
501 1785 671 1865 ipsos
713 1788 996 1849 mutasse
1041 1789 1106 1848 et
1146 1781 1462 1862 quondam
1506 1781 1592 1847 ad
1616 1802 1873 1848 carmen
1897 1782 2210 1864 quoddam
2225 1782 2615 1867 pertinuisse

393 1893 711 1976 suspicor,
765 1890 931 1974 quod
981 1889 1397 1975 praecedebat
1455 1912 1651 1957 carm.
1701 1890 1848 1975 III,
1885 1893 1988 1957 10.
2066 1894 2180 1960 Cui
2244 1894 2337 1959 rei
2381 1894 2618 1974 optime

398 2002 570 2069 favet
612 2008 678 2069 et
724 2003 1184 2069 sententiarum
1232 2020 1464 2067 nexus:
1559 2022 1680 2068 non
1741 2010 1838 2068 est
1883 2004 2048 2069 enim
2094 2003 2449 2084 verisimile,
2522 2004 2613 2068 ita

400 2109 603 2190 egisse
645 2115 916 2191 poetam,
974 2116 1047 2176 ut
1089 2112 1368 2192 primum
1413 2112 1628 2177 valere
1666 2112 1923 2193 Juboret
1966 2114 2240 2194 puellam
2287 2112 2506 2195 (carm.
2553 2112 2620 2191 9)

394 2217 537 2282 dein
582 2218 662 2283 ad
710 2219 1065 2299 Augustum
1113 2223 1515 2284 converteret
1561 2219 1839 2284 animum
1886 2226 1951 2285 et
1995 2221 2173 2300 epica
2216 2238 2284 2284 se
2319 2219 2622 2299 composi-

392 2332 610 2393 turum
672 2346 810 2392 esse
879 2327 1156 2393 carmina
1226 2326 1639 2410 profiteretur
1708 2328 1929 2410 (carm.
2007 2327 2127 2409 10),
2191 2327 2334 2392 dein
2380 2346 2624 2403 rursuS,

394 2435 606 2500 animo
650 2435 731 2499 ad
778 2434 1105 2516 Cynthiam
1153 2441 1467 2515 revocate,
1513 2435 1669 2500 diris
1701 2435 1980 2517 adjectiS,
2025 2451 2347 2514 nunquam
2383 2451 2451 2498 se
2488 2434 2622 2514 Jam

394 2544 783 2625 scripturum
831 2562 968 2609 esse
1013 2545 1091 2610 de
1138 2544 1406 2627 Cynthia
1466 2545 1914 2626 pronuntiaret
1956 2541 2179 2640 (carm.
2223 2542 2367 2623 11.).
2443 2542 2625 2608 Cete-

397 2672 541 2718 rum
587 2654 863 2735 reliquos
909 2654 1096 2737 hujus
1142 2655 1453 2734 carminis,
1511 2654 1592 2719 ad
1642 2654 1808 2734 quod
1856 2655 1983 2719 tria
2027 2653 2181 2720 haec
2223 2653 2629 2736 pertinebant

398 2764 689 2845 disticha,
739 2766 1006 2847 periisse
1049 2783 1288 2845 versuS,
1349 2765 1412 2829 in
1460 2770 1641 2830 tanto
1681 2765 1912 2830 codicis
1956 2765 2284 2856 archetypi
2332 2765 2439 2846 qui
2484 2782 2627 2830 con-

399 2872 662 2953 spicitur
720 2873 1020 2954 squalore
1081 2890 1205 2937 non
1251 2880 1349 2939 est
1400 2874 1564 2954 quod
1611 2873 1971 2939 miremur.“
2025 2909 2095 2919 -
2186 2873 2429 2939 Deinde
2473 2891 2619 2954 pag.

404 2987 484 3046 33
531 2982 801 3064 conjicit,
876 2999 1069 3047 carm.
1113 2982 1224 3061 ΙΙΙ,
1276 2988 1352 3047 10
1398 2983 1547 3047 olim
1592 2983 1884 3047 ultimum
1929 2982 2123 3048 fuisse
2165 2981 2310 3048 libri
2351 2975 2630 3062 secundi,
2746 2985 2752 2995 ’

401 3110 598 3157 carm.
663 3093 770 3173 IV,
836 3096 871 3156 9
918 3092 1068 3157 olim
1124 3091 1395 3172 primum
1439 3092 1633 3157 fuisse
1678 3092 1824 3157 libri
1871 3091 2075 3171 tertii3
2145 3110 2335 3158 carm.
2380 3092 2494 3172 ΙΙΙ,
2545 3095 2619 3156 12

402 3204 536 3284 jam
583 3202 663 3266 ad
704 3203 962 3268 tertium
998 3202 1380 3284 pertinuisse
1426 3202 1677 3267 librum.

576 3311 877 3378 Libenter
921 3312 1187 3394 pedibus
1231 3331 1304 3378 eo
1351 3312 1414 3377 in
1460 3311 1841 3377 sententiam
1885 3311 2287 3392 Heimreichi,
2334 3328 2521 3392 quam
2573 3309 2627 3375 si

407 3421 766 3502 accipimus
812 3429 987 3488 certe
1030 3422 1392 3503 aptissimus
1428 3422 1691 3487 carmini
1720 3427 1936 3487 nostro
1977 3423 2273 3487 restituto
2319 3423 2493 3487 locus
2521 3422 2627 3486 de-

407 3531 725 3610 signatur.
771 3531 1137 3598 Ponendum
1183 3537 1280 3598 est
1325 3539 1475 3597 ante
1520 3550 1714 3597 carm.
1767 3536 1859 3612 10,
1924 3532 2314 3612 paenultima
2356 3532 2440 3596 sit
2482 3531 2624 3595 libri

408 3638 668 3702 secundi
704 3638 924 3719 elegia.
971 3638 1293 3705 Habemus
1336 3640 1533 3719 igitur
1571 3644 1774 3704 totum
1820 3638 1973 3702 illud
2000 3655 2271 3717 carmen,
2314 3655 2438 3717 quo
2474 3637 2627 3700 Pro-

409 3746 653 3826 pertius
708 3746 921 3814 valere
972 3746 1157 3828 jubet
1216 3746 1489 3828 puellam
1545 3751 1608 3810 et
1654 3763 1974 3825 nunquam
2020 3763 2087 3809 se
2133 3743 2413 3808 carmina
2450 3760 2620 3807 ama-

410 3854 579 3918 toria
623 3854 1209 3936 scripturumesse,
1260 3852 1612 3935 profitetur.
1693 3852 1815 3918 Sed
1862 3871 1983 3917 non
2029 3852 2213 3917 modo
2257 3851 2374 3916 hoc
2415 3870 2628 3932 unum,

498 4148 503 4150 Α
590 4106 653 4170 ’4)
691 4107 800 4165 Qua
839 4108 892 4154 in
932 4122 986 4155 re
1025 4121 1325 4170 quamquam
1368 4121 1462 4154 non
1505 4110 1652 4168 plane
1694 4109 1799 4156 viro
1839 4107 2101 4167 assentior,
2143 4113 2308 4155 tamen
2350 4123 2390 4153 v.
2422 4110 2627 4154 21—‘203

414 4211 469 4255 in
510 4204 665 4255 initio
702 4203 944 4251 carminis
982 4202 1295 4266 collocandos
1335 4215 1456 4264 esse,
1513 4205 1622 4264 ipse
1657 4217 1748 4262 ego
1786 4201 2046 4250 contendo,

152 4481 237 4536 a·
436 4477 505 4534 1,.
