3082 4688
1325 269 1697 329 ..7-

432 469 551 515 non
612 451 864 529 ingrato
921 457 983 513 et
1028 470 1250 530 aspero
1310 449 1515 513 animo
1586 468 1882 530 spernere
1936 450 2181 515 licebat.
2267 449 2386 514 Sed
2431 454 2639 512 tamen

430 561 745 626 versatilis
788 568 1015 644 poetae
1058 560 1337 637 animus,
1400 578 1524 641 quo
1584 560 1768 625 modo
1828 558 2029 626 facete
2082 557 2228 625 belli
2280 559 2642 624 societatem

430 675 786 746 recusaret,
837 685 980 732 mox
1024 667 1289 746 invenit,
1331 687 1469 732 cum
1508 667 1625 733 hoc
1667 667 2027 749 gratissimo
2072 667 2347 732 carmine
2388 685 2644 748 respon-

431 779 630 858 deret,
672 777 735 841 in
774 795 897 858 quo
936 777 1094 842 duas
1135 775 1322 843 affert
1364 796 1605 857 causas,
1648 795 1843 858 quare
1886 776 2186 840 invitatus
2230 793 2352 840 non
2416 774 2645 839 veniat.

434 888 655 954 Totius
701 888 864 952 enim
912 886 1152 969 elegiae
1196 889 1508 954 sententia
1550 887 1705 953 haec
1746 886 1878 952 fere
1923 895 2050 952 est:
2118 886 2207 952 Ut
2248 884 2395 965 belli
2440 886 2645 951 socius

436 997 552 1064 tibi
596 1016 827 1078 essem,
893 1003 992 1078 tu,
1062 998 1370 1078 Messala,
1428 997 1696 1079 benigne
1755 1017 1853 1062 me
1899 996 2196 1062 invitasti.
2283 996 2426 1062 Jam
2482 994 2644 1075 audi,

435 1127 596 1191 quae
653 1127 755 1173 res
815 1109 966 1173 mihi
1025 1108 1310 1190 obstent,
1370 1109 1703 1191 quominus
1759 1115 1933 1173 tuam
1990 1106 2424 1173 invitationem
2485 1105 2645 1172 acci-

433 1218 620 1300 piam.
692 1205 975 1282 Primu’m
1013 1217 1177 1283 enim
1223 1217 1585 1281 divitiarum
1628 1235 1772 1299 spes
1814 1216 2066 1280 minime
2109 1234 2209 1280 me
2251 1213 2464 1294 allicit,
2506 1231 2645 1278 cum

435 1334 769 1395 contentus
828 1328 946 1392 sim
1010 1346 1152 1393 mea
1195 1329 1327 1393 vita·
1384 1328 1608 1408 inerti,
1674 1346 1860 1409 quam
1905 1338 1976 1392 tu
2033 1325 2184 1390 mibi
2232 1324 2647 1407 exprobrasti.

434 1440 660 1521 Atque,
700 1445 774 1504 ut
817 1457 1005 1521 quam
1057 1457 1322 1504 amoena
1367 1446 1432 1504 et
1476 1446 1663 1520 grata
1700 1439 1782 1504 sit
1823 1438 1954 1503 vita
1999 1437 2252 1515 rustica,
2297 1435 2645 1516 intellegaS,

430 1547 712 1614 breviter
759 1546 905 1627 tibi,
961 1549 1178 1630 quales
1237 1547 1485 1613 labores
1529 1548 1866 1629 qualiaque
1920 1546 2154 1628 gaudia
2213 1543 2478 1610 habeam
2532 1563 2646 1627 per

432 1663 635 1723 totum
700 1675 967 1737 annum,
1032 1675 1332 1739 exponam
1393 1656 1574 1737 (facit
1626 1655 1744 1720 boc
1804 1660 1994 1736 poeta
2035 1673 2091 1718 V.
2141 1660 2174 1718 7
2205 1687 2281 1701 —-
2310 1652 2435 1731 48).
2522 1651 2645 1718 Sed

434 1767 871 1850 gravissimam
919 1767 1107 1832 etiam
1155 1784 1405 1830 causam
1453 1763 1632 1842 audi,
1696 1780 1858 1845 quae
1894 1762 2042 1841 sola,
2085 1761 2418 1843 quominus
2463 1758 2647 1826 oboe-

439 1875 616 1940 diens
678 1874 790 1939 tibi
848 1892 1048 1939 essem
1074 1922 1089 1951 ,
1154 1892 1254 1938 me
1315 1870 1711 1953 prohiberet,
1788 1870 2032 1935 etiamsi
2091 1869 2294 1952 prima
2366 1868 2645 1934 deesset:

440 1984 625 2050 bomo
671 2003 808 2050 sum
850 1985 1104 2049 minime
1148 1984 1227 2048 ad
1272 1982 1438 2048 bella
1482 1981 1761 2063 gerenda
1806 1986 2025 2061 natuS,
2078 2000 2218 2047 cum
2262 1981 2459 2046 multo
2503 1999 2648 2062 gra-

436 2094 564 2159 tius
607 2093 758 2158 mihi
802 2094 885 2158 sit
929 2099 994 2158 et
1029 2092 1344 2174 acceptius
1388 2090 1554 2157 bella
1594 2111 1817 2173 gerere
1856 2090 2167 2158 amatoria
2210 2096 2274 2157 et
2317 2091 2380 2156 in
2424 2091 2648 2157 castris

436 2204 685 2270 Amoris
723 2203 1000 2282 versari3
1045 2202 1307 2268 vinculis
1336 2208 1558 2266 teneor
1603 2201 1957 2267 tenerrimis
1994 2207 2059 2265 et
2092 2200 2452 2267 divitiarum
2497 2201 2645 2284 quid

434 2332 575 2380 mea
633 2313 935 2391 interest,
1000 2310 1052 2375 si
1100 2310 1528 2376 lacrimantem
1575 2328 1777 2376 meam
1824 2311 2095 2393 puellam
2148 2310 2505 2392 relinquere
2547 2330 2648 2377 co—

437 2424 598 2501 gor?
641 2425 724 2503 (v.
774 2420 1073 2504 51-70.)
1120 2456 1194 2469 -
1244 2421 1706 2503 CognoscimuS‚
1748 2421 1909 2485 duas
1951 2439 2212 2503 magnas
2254 2428 2470 2504 partes
2512 2441 2649 2489 esse

429 2531 623 2596 totius
667 2529 963 2596 carminis
984 2579 1000 2610 ,
1058 2530 1121 2594 in
1167 2548 1433 2611 quorum
1479 2530 1686 2611 prima
1725 2531 1863 2593 vita
1903 2527 2077 2593 iners
2128 2530 2518 2613 deserbitur,
2582 2532 2646 2596 in

426 2641 629 2705 altera
672 2640 886 2721 agitur
945 2638 1023 2703 de
1067 2635 1299 2703 Deliae
1341 2656 1575 2703 amore.
1624 2673 1700 2682 —
1743 2636 1888 2703 Jam
1933 2637 2014 2702 ad
2065 2639 2460 2720 singularum
2501 2657 2647 2721 par·

425 2750 581 2815 tium
625 2749 1068 2816 tractationem
1114 2755 1552 2815 transeamus.

597 2885 938 2966 Postquam
998 2904 1057 2950 v.
1110 2891 1242 2950 1-
1268 2891 1306 2949 4
1355 2885 1551 2951 totius
1611 2885 1906 2950 carminis
1964 2891 2404 2968 argumentum
2461 2893 2651 2969 poeta

424 2995 786 3077 proposuit:
855 3014 1058 3077 neque
1126 2999 1264 3063 auri
1323 2995 1475 3061 fulvi
1534 2995 1799 3077 cupidus
1844 3014 2015 3076 sum,
2082 3015 2285 3079 neque
2339 2996 2649 3063 bellorum

427 3105 694 3171 saevitia
738 3113 924 3187 grata
967 3104 1120 3170 mibi
1166 3112 1280 3186 est,
1325 3125 1380 3170 v.
1418 3110 1475 3170 5.
1523 3110 1561 3170 6
1603 3105 1911 3171 transitus
1954 3103 2027 3170 fit
2068 3106 2147 3171 ad
2193 3107 2458 3189 primam
2503 3126 2649 3189 par-

428 3222 574 3294 tem,
627 3214 793 3278 vitae
838 3214 1059 3278 inertis
1105 3213 1588 3296 descriptionem
1634 3213 1926 3295 (7—48)
1970 3232 2061 3295 sq.
2148 3214 2270 3280 Sed
2315 3215 2452 3296 ipsa
2495 3213 2650 3280 baec

436 3327 501 3390 in
539 3331 812 3407 quatuor
850 3325 1123 3389 minores
1155 3324 1458 3389 dividitur
1483 3329 1729 3405 parteS,
1781 3341 2048 3405 quarum
2094 3343 2420 3391 commune
2442 3325 2648 3397 vincu,

431 3434 559 3499 lum
607 3433 772 3514 quod
819 3433 1198 3515 interpretes
1244 3450 1366 3496 non
1411 3437 1872 3512 cognoverunt,
1934 3431 1996 3496 in
2055 3431 2357 3497 maximos
2400 3450 2651 3497 errores

423 3543 799 3609 inciderunt.
884 3542 1133 3608 Etenim
1185 3541 1331 3624 jure
1387 3560 1460 3605 ac
1516 3540 1744 3606 merito
1803 3559 1872 3605 se
1913 3545 2275 3606 contentum
2334 3559 2472 3607 esse
2531 3560 2648 3606 sua

430 3656 562 3719 vita
608 3672 942 3736 exponenS,
986 3651 1473 3735 pulcherrimam
1519 3650 1701 3716 nobis
1738 3648 2008 3732 effigiem
2046 3650 2329 3734 depingit
2368 3656 2434 3716 et
2477 3650 2649 3717 labo-

431 3783 569 3828 rum
610 3769 674 3829 et
717 3763 1126 3844 gaudiorum,
1185 3761 1413 3842 quibus
1453 3762 1728 3826 rusticus
1771 3780 1887 3843 per
1929 3779 2120 3826 unum
2165 3760 2458 3842 quodque
2500 3762 2647 3827 anni

424 3880 673 3955 tempus
710 3872 978 3964 fruatur.
1103 3872 1261 3951 Ver,
1298 3878 1530 3950 aestas,
1573 3872 1776 3953 ipsum
1816 3870 2100 3935 brumale
2135 3877 2383 3953 tempus
2416 3872 2648 3953 gaudia

424 4003 538 4046 sua
586 3980 835 4060 babent,
881 3991 949 4045 ut
988 4001 1132 4045 vere
1161 3982 1451 4046 dubitare
1495 3980 1698 4055 liceat,
1740 3980 1982 4044 cuinam
2019 3980 2288 4060 palmam
2330 3980 2455 4044 des.
2513 3979 2646 4045 Has

434 4092 629 4175 igitur
677 4091 871 4156 habes
918 4093 1191 4157 minores
1233 4098 1480 4174 partes:
