<?xml version="1.0" encoding="UTF-8"?>
<!DOCTYPE html PUBLIC "-//W3C//DTD XHTML 1.0 Transitional//EN"
    "http://www.w3.org/TR/xhtml1/DTD/xhtml1-transitional.dtd">
<html xmlns="http://www.w3.org/1999/xhtml" xml:lang="en" lang="en">
 <head>
  <title>
</title>
<meta http-equiv="Content-Type" content="text/html;charset=utf-8" />
  <meta name='ocr-system' content='tesseract 3.04.00' />
  <meta name='ocr-capabilities' content='ocr_page ocr_carea ocr_par ocr_line ocrx_word'/>
</head>
<body>
  <div class='ocr_page' id='page_1' title='image "./quaestionestibu00dietgoog_0026.png"; bbox 0 0 3082 4688; ppageno 0'>
   <div class='ocr_carea' id='block_1_1' title="bbox 1425 245 1843 311">
    <p class='ocr_par' dir='ltr' id='par_1_1' title="bbox 1425 245 1843 311">
     <span class='ocr_line' id='line_1_1' title="bbox 1425 245 1843 311; baseline 0.022 -22"><span class='ocrx_word' id='word_1_1' title='bbox 1425 245 1843 311; x_wconf 66' lang='lat'>-13-</span> 
     </span>
    </p>
   </div>
   <div class='ocr_carea' id='block_1_2' title="bbox 515 427 2761 4228">
    <p class='ocr_par' dir='ltr' id='par_1_2' title="bbox 515 427 2761 4228">
     <span class='ocr_line' id='line_1_2' title="bbox 517 427 2733 511; baseline 0.001 -17"><span class='ocrx_word' id='word_1_2' title='bbox 517 445 705 510; x_wconf 91' lang='lat' dir='ltr'>quam</span> <span class='ocrx_word' id='word_1_3' title='bbox 750 446 1049 496; x_wconf 87' lang='lat' dir='ltr'>numerus</span> <span class='ocrx_word' id='word_1_4' title='bbox 1092 447 1405 495; x_wconf 87' lang='lat' dir='ltr'>versuum.</span> <span class='ocrx_word' id='word_1_5' title='bbox 1432 466 1511 475; x_wconf 93' lang='lat'><strong>—</strong></span> <span class='ocrx_word' id='word_1_6' title='bbox 1555 429 1794 494; x_wconf 87' lang='lat' dir='ltr'>Deinde</span> <span class='ocrx_word' id='word_1_7' title='bbox 1839 448 1912 494; x_wconf 94' lang='lat' dir='ltr'>eo</span> <span class='ocrx_word' id='word_1_8' title='bbox 1955 427 2374 511; x_wconf 83' lang='lat' dir='ltr'>pervenimus,</span> <span class='ocrx_word' id='word_1_9' title='bbox 2420 437 2492 496; x_wconf 92' lang='lat' dir='ltr'>ut</span> <span class='ocrx_word' id='word_1_10' title='bbox 2520 450 2641 496; x_wconf 90' lang='lat' dir='ltr'>non</span> <span class='ocrx_word' id='word_1_11' title='bbox 2670 430 2733 496; x_wconf 89' lang='lat' dir='ltr'>in</span> 
     </span>
     <span class='ocr_line' id='line_1_3' title="bbox 515 535 2733 620; baseline 0.001 -19"><span class='ocrx_word' id='word_1_12' title='bbox 515 535 801 602; x_wconf 90' lang='lat' dir='ltr'>omnibus</span> <span class='ocrx_word' id='word_1_13' title='bbox 860 537 1111 619; x_wconf 93' lang='lat' dir='ltr'>quidem</span> <span class='ocrx_word' id='word_1_14' title='bbox 1168 537 1566 618; x_wconf 82' lang='lat' dir='ltr'>carminibus,</span> <span class='ocrx_word' id='word_1_15' title='bbox 1632 544 1699 603; x_wconf 91' lang='lat' dir='ltr'>at</span> <span class='ocrx_word' id='word_1_16' title='bbox 1757 544 1929 604; x_wconf 88' lang='lat' dir='ltr'>certe</span> <span class='ocrx_word' id='word_1_17' title='bbox 1986 538 2050 603; x_wconf 90' lang='lat' dir='ltr'>in</span> <span class='ocrx_word' id='word_1_18' title='bbox 2097 537 2472 620; x_wconf 88' lang='lat' dir='ltr'>quibusdam</span> <span class='ocrx_word' id='word_1_19' title='bbox 2522 557 2597 604; x_wconf 90' lang='lat' dir='ltr'>ea</span> <span class='ocrx_word' id='word_1_20' title='bbox 2642 540 2733 604; x_wconf 89' lang='lat' dir='ltr'>in-</span> 
     </span>
     <span class='ocr_line' id='line_1_4' title="bbox 517 644 2734 729; baseline 0.003 -22"><span class='ocrx_word' id='word_1_21' title='bbox 517 644 838 710; x_wconf 89' lang='lat' dir='ltr'>veniretur</span> <span class='ocrx_word' id='word_1_22' title='bbox 881 645 1335 711; x_wconf 89' lang='lat' dir='ltr'>sententiarum</span> <span class='ocrx_word' id='word_1_23' title='bbox 1379 645 1721 711; x_wconf 86' lang='lat' dir='ltr'>secundum</span> <span class='ocrx_word' id='word_1_24' title='bbox 1779 665 1998 711; x_wconf 90' lang='lat' dir='ltr'>versus</span> <span class='ocrx_word' id='word_1_25' title='bbox 2056 646 2417 729; x_wconf 89' lang='lat' dir='ltr'>dispositi0,</span> <span class='ocrx_word' id='word_1_26' title='bbox 2488 656 2560 713; x_wconf 89' lang='lat' dir='ltr'>ut</span> <span class='ocrx_word' id='word_1_27' title='bbox 2595 664 2734 713; x_wconf 90' lang='lat' dir='ltr'>sen-</span> 
     </span>
     <span class='ocr_line' id='line_1_5' title="bbox 519 754 2737 840; baseline 0.002 -22"><span class='ocrx_word' id='word_1_28' title='bbox 519 755 732 820; x_wconf 80' lang='lat' dir='ltr'>tentiis</span> <span class='ocrx_word' id='word_1_29' title='bbox 797 755 1061 833; x_wconf 81' lang='lat' dir='ltr'>singulis</span> <span class='ocrx_word' id='word_1_30' title='bbox 1130 754 1349 820; x_wconf 90' lang='lat' dir='ltr'>eodem</span> <span class='ocrx_word' id='word_1_31' title='bbox 1415 756 1636 821; x_wconf 89' lang='lat' dir='ltr'>ordine</span> <span class='ocrx_word' id='word_1_32' title='bbox 1681 756 1884 838; x_wconf 88' lang='lat' dir='ltr'>logico</span> <span class='ocrx_word' id='word_1_33' title='bbox 1930 756 2153 838; x_wconf 92' lang='lat' dir='ltr'>positis</span> <span class='ocrx_word' id='word_1_34' title='bbox 2195 776 2313 839; x_wconf 86' lang='lat' dir='ltr'>par</span> <span class='ocrx_word' id='word_1_35' title='bbox 2358 759 2737 840; x_wconf 90' lang='lat' dir='ltr'>respondeat</span> 
     </span>
     <span class='ocr_line' id='line_1_6' title="bbox 519 865 2736 951; baseline 0.003 -23"><span class='ocrx_word' id='word_1_36' title='bbox 519 881 814 929; x_wconf 90' lang='lat' dir='ltr'>versuum</span> <span class='ocrx_word' id='word_1_37' title='bbox 858 866 1195 931; x_wconf 90' lang='lat' dir='ltr'>numerus“</span> <span class='ocrx_word' id='word_1_38' title='bbox 1245 903 1323 916; x_wconf 75' lang='lat'><em>-</em></span> <span class='ocrx_word' id='word_1_39' title='bbox 1371 865 1614 931; x_wconf 89' lang='lat' dir='ltr'>Deinde</span> <span class='ocrx_word' id='word_1_40' title='bbox 1658 865 1956 932; x_wconf 89' lang='lat' dir='ltr'>disseruit</span> <span class='ocrx_word' id='word_1_41' title='bbox 1999 866 2419 951; x_wconf 89' lang='lat' dir='ltr'>Bubendeyus</span> <span class='ocrx_word' id='word_1_42' title='bbox 2456 869 2736 934; x_wconf 83' lang='lat' dir='ltr'>carmina</span> 
     </span>
     <span class='ocr_line' id='line_1_7' title="bbox 519 971 2740 1061; baseline 0.003 -22"><span class='ocrx_word' id='word_1_43' title='bbox 519 974 859 1056; x_wconf 83' lang='lat' dir='ltr'>quaedam,</span> <span class='ocrx_word' id='word_1_44' title='bbox 931 973 1158 1058; x_wconf 90' lang='lat' dir='ltr'>quibus</span> <span class='ocrx_word' id='word_1_45' title='bbox 1220 977 1477 1057; x_wconf 89' lang='lat' dir='ltr'>probari</span> <span class='ocrx_word' id='word_1_46' title='bbox 1547 977 1707 1043; x_wconf 89' lang='lat' dir='ltr'>hanc</span> <span class='ocrx_word' id='word_1_47' title='bbox 1784 995 1961 1043; x_wconf 86' lang='lat' dir='ltr'>suam</span> <span class='ocrx_word' id='word_1_48' title='bbox 2030 971 2405 1045; x_wconf 83' lang='lat' dir='ltr'>sententiam</span> <span class='ocrx_word' id='word_1_49' title='bbox 2480 986 2740 1061; x_wconf 90' lang='lat' dir='ltr'>putaret</span> 
     </span>
     <span class='ocr_line' id='line_1_8' title="bbox 518 1083 2739 1168; baseline 0.002 -19"><span class='ocrx_word' id='word_1_50' title='bbox 518 1084 733 1164; x_wconf 90' lang='lat' dir='ltr'>(carm.</span> <span class='ocrx_word' id='word_1_51' title='bbox 779 1085 827 1164; x_wconf 89' lang='grc' dir='ltr'>Ι,</span> <span class='ocrx_word' id='word_1_52' title='bbox 872 1090 973 1151; x_wconf 86' lang='grc'>4.5</span> <span class='ocrx_word' id='word_1_53' title='bbox 1017 1083 1337 1168; x_wconf 72' lang='lat' dir='ltr'>aliaque).</span> <span class='ocrx_word' id='word_1_54' title='bbox 1384 1084 1506 1150; x_wconf 89' lang='lat' dir='ltr'>Sed</span> <span class='ocrx_word' id='word_1_55' title='bbox 1553 1092 1762 1151; x_wconf 89' lang='lat' dir='ltr'>tamen</span> <span class='ocrx_word' id='word_1_56' title='bbox 1807 1086 1869 1150; x_wconf 93' lang='lat' dir='ltr'>in</span> <span class='ocrx_word' id='word_1_57' title='bbox 1907 1086 2077 1152; x_wconf 89' lang='lat' dir='ltr'>aliud</span> <span class='ocrx_word' id='word_1_58' title='bbox 2115 1086 2336 1152; x_wconf 84' lang='lat' dir='ltr'>vitium</span> <span class='ocrx_word' id='word_1_59' title='bbox 2370 1105 2491 1151; x_wconf 93' lang='lat' dir='ltr'>non</span> <span class='ocrx_word' id='word_1_60' title='bbox 2531 1089 2739 1153; x_wconf 88' lang='lat' dir='ltr'>minus</span> 
     </span>
     <span class='ocr_line' id='line_1_9' title="bbox 520 1193 2735 1278; baseline 0.002 -20"><span class='ocrx_word' id='word_1_61' title='bbox 520 1212 708 1276; x_wconf 90' lang='lat' dir='ltr'>quam</span> <span class='ocrx_word' id='word_1_62' title='bbox 751 1194 903 1260; x_wconf 90' lang='lat' dir='ltr'>illud</span> <span class='ocrx_word' id='word_1_63' title='bbox 950 1193 1222 1260; x_wconf 91' lang='lat' dir='ltr'>Dissenii</span> <span class='ocrx_word' id='word_1_64' title='bbox 1267 1195 1597 1259; x_wconf 91' lang='lat' dir='ltr'>molestum</span> <span class='ocrx_word' id='word_1_65' title='bbox 1658 1201 1722 1261; x_wconf 92' lang='lat' dir='ltr'>et</span> <span class='ocrx_word' id='word_1_66' title='bbox 1764 1215 1906 1261; x_wconf 91' lang='lat' dir='ltr'>eum</span> <span class='ocrx_word' id='word_1_67' title='bbox 1950 1196 2291 1262; x_wconf 81' lang='lat' dir='ltr'>incurrisse</span> <span class='ocrx_word' id='word_1_68' title='bbox 2336 1203 2401 1262; x_wconf 90' lang='lat' dir='ltr'>et</span> <span class='ocrx_word' id='word_1_69' title='bbox 2444 1199 2551 1278; x_wconf 89' lang='lat' dir='ltr'>qui</span> <span class='ocrx_word' id='word_1_70' title='bbox 2594 1218 2735 1263; x_wconf 91' lang='lat' dir='ltr'>eum</span> 
     </span>
     <span class='ocr_line' id='line_1_10' title="bbox 523 1299 2738 1386; baseline 0.002 -21"><span class='ocrx_word' id='word_1_71' title='bbox 523 1301 720 1366; x_wconf 86' lang='lat' dir='ltr'>secuti</span> <span class='ocrx_word' id='word_1_72' title='bbox 764 1307 991 1380; x_wconf 87' lang='lat' dir='ltr'>essent,</span> <span class='ocrx_word' id='word_1_73' title='bbox 1041 1301 1176 1382; x_wconf 77' lang='lat' dir='ltr'>Jam</span> <span class='ocrx_word' id='word_1_74' title='bbox 1220 1299 1558 1366; x_wconf 86' lang='lat' dir='ltr'>Teuffelius</span> <span class='ocrx_word' id='word_1_75' title='bbox 1595 1302 1656 1366; x_wconf 88' lang='lat' dir='ltr'>in</span> <span class='ocrx_word' id='word_1_76' title='bbox 1704 1302 1846 1367; x_wconf 90' lang='lat' dir='ltr'>hist.</span> <span class='ocrx_word' id='word_1_77' title='bbox 1894 1304 2014 1369; x_wconf 89' lang='lat' dir='ltr'>litt.</span> <span class='ocrx_word' id='word_1_78' title='bbox 2043 1305 2218 1370; x_wconf 87' lang='lat' dir='ltr'>Rom.</span> <span class='ocrx_word' id='word_1_79' title='bbox 2240 1305 2583 1386; x_wconf 87' lang='lat' dir='ltr'>perspexit,</span> <span class='ocrx_word' id='word_1_80' title='bbox 2634 1308 2738 1370; x_wconf 87' lang='lat' dir='ltr'>cui</span> 
     </span>
     <span class='ocr_line' id='line_1_11' title="bbox 525 1407 2740 1493; baseline 0 -20"><span class='ocrx_word' id='word_1_81' title='bbox 525 1407 792 1493; x_wconf 80' lang='lat' dir='ltr'>libenter</span> <span class='ocrx_word' id='word_1_82' title='bbox 838 1426 955 1489; x_wconf 91' lang='lat' dir='ltr'>ego</span> <span class='ocrx_word' id='word_1_83' title='bbox 1004 1408 1317 1473; x_wconf 88' lang='lat' dir='ltr'>assentior</span> <span class='ocrx_word' id='word_1_84' title='bbox 1360 1407 1626 1473; x_wconf 88' lang='lat' dir='ltr'>dicenti:</span> <span class='ocrx_word' id='word_1_85' title='bbox 1669 1410 1793 1489; x_wconf 86' lang='lat' dir='ltr'>„Es</span> <span class='ocrx_word' id='word_1_86' title='bbox 1829 1410 1913 1474; x_wconf 92' lang='lat' dir='ltr'>ist</span> <span class='ocrx_word' id='word_1_87' title='bbox 1943 1410 2116 1476; x_wconf 91' lang='lat' dir='ltr'>nicht</span> <span class='ocrx_word' id='word_1_88' title='bbox 2159 1412 2561 1493; x_wconf 85' lang='lat' dir='ltr'>wohlgethan</span> <span class='ocrx_word' id='word_1_89' title='bbox 2608 1412 2740 1492; x_wconf 78' lang='lat' dir='ltr'>daS,</span> 
     </span>
     <span class='ocr_line' id='line_1_12' title="bbox 524 1515 2736 1600; baseline 0.001 -19"><span class='ocrx_word' id='word_1_90' title='bbox 524 1536 648 1583; x_wconf 87' lang='lat' dir='ltr'>was</span> <span class='ocrx_word' id='word_1_91' title='bbox 683 1517 780 1581; x_wconf 92' lang='lat' dir='ltr'>ein</span> <span class='ocrx_word' id='word_1_92' title='bbox 827 1516 1221 1582; x_wconf 87' lang='lat' dir='ltr'>instinctives</span> <span class='ocrx_word' id='word_1_93' title='bbox 1270 1515 1498 1582; x_wconf 82' lang='lat' dir='ltr'>Gefiihl</span> <span class='ocrx_word' id='word_1_94' title='bbox 1522 1515 1625 1581; x_wconf 78' lang='lat' dir='ltr'>fiir</span> <span class='ocrx_word' id='word_1_95' title='bbox 1654 1516 2027 1598; x_wconf 86' lang='lat' dir='ltr'>Symmetrie</span> <span class='ocrx_word' id='word_1_96' title='bbox 2055 1517 2300 1599; x_wconf 85' lang='lat' dir='ltr'>eingab,</span> <span class='ocrx_word' id='word_1_97' title='bbox 2347 1538 2423 1583; x_wconf 89' lang='lat' dir='ltr'>zu</span> <span class='ocrx_word' id='word_1_98' title='bbox 2461 1518 2736 1600; x_wconf 87' lang='lat' dir='ltr'>steigern</span> 
     </span>
     <span class='ocr_line' id='line_1_13' title="bbox 525 1626 2738 1711; baseline 0.001 -19"><span class='ocrx_word' id='word_1_99' title='bbox 525 1628 619 1693; x_wconf 92' lang='lat' dir='ltr'>bis</span> <span class='ocrx_word' id='word_1_100' title='bbox 674 1646 811 1692; x_wconf 91' lang='lat' dir='ltr'>zum</span> <span class='ocrx_word' id='word_1_101' title='bbox 873 1626 1351 1692; x_wconf 88' lang='lat' dir='ltr'>mechanischen</span> <span class='ocrx_word' id='word_1_102' title='bbox 1398 1626 1837 1707; x_wconf 90' lang='lat' dir='ltr'>Ausrechnen,</span> <span class='ocrx_word' id='word_1_103' title='bbox 1908 1633 2021 1693; x_wconf 90' lang='lat' dir='ltr'>wie</span> <span class='ocrx_word' id='word_1_104' title='bbox 2078 1628 2210 1693; x_wconf 91' lang='lat' dir='ltr'>dies</span> <span class='ocrx_word' id='word_1_105' title='bbox 2252 1628 2331 1694; x_wconf 88' lang='lat' dir='ltr'>H.</span> <span class='ocrx_word' id='word_1_106' title='bbox 2397 1629 2738 1711; x_wconf 87' lang='lat' dir='ltr'>Bubendey</span> 
     </span>
     <span class='ocr_line' id='line_1_14' title="bbox 526 1735 2739 1831; baseline 0.001 -31"><span class='ocrx_word' id='word_1_107' title='bbox 526 1737 590 1818; x_wconf 86' lang='lat' dir='ltr'>(l.</span> <span class='ocrx_word' id='word_1_108' title='bbox 635 1736 715 1818; x_wconf 89' lang='lat' dir='ltr'>c.)</span> <span class='ocrx_word' id='word_1_109' title='bbox 759 1735 886 1802; x_wconf 91' lang='lat' dir='ltr'>und</span> <span class='ocrx_word' id='word_1_110' title='bbox 933 1737 998 1803; x_wconf 87' lang='lat' dir='ltr'>C.</span> <span class='ocrx_word' id='word_1_111' title='bbox 1043 1737 1230 1803; x_wconf 90' lang='lat' dir='ltr'>Prien</span> <span class='ocrx_word' id='word_1_112' title='bbox 1293 1737 1410 1802; x_wconf 90' lang='lat' dir='ltr'>Die</span> <span class='ocrx_word' id='word_1_113' title='bbox 1480 1737 1953 1820; x_wconf 88' lang='lat' dir='ltr'>symmetrische</span> <span class='ocrx_word' id='word_1_114' title='bbox 1998 1738 2237 1831; x_wconf 85' lang='lat' dir='ltr'>Anlage</span> <span class='ocrx_word' id='word_1_115' title='bbox 2283 1739 2396 1803; x_wconf 87' lang='lat' dir='ltr'>der</span> <span class='ocrx_word' id='word_1_116' title='bbox 2440 1738 2739 1820; x_wconf 89' lang='lat' dir='ltr'>Sulpicia-</span> 
     </span>
     <span class='ocr_line' id='line_1_15' title="bbox 526 1845 2739 1933; baseline 0 -21"><span class='ocrx_word' id='word_1_117' title='bbox 526 1847 785 1928; x_wconf 86' lang='lat' dir='ltr'>Elegien</span> <span class='ocrx_word' id='word_1_118' title='bbox 829 1845 1164 1931; x_wconf 87' lang='lat' dir='ltr'>(Fleckeis.</span> <span class='ocrx_word' id='word_1_119' title='bbox 1205 1846 1385 1913; x_wconf 82' lang='lat' dir='ltr'>Jhrb.</span> <span class='ocrx_word' id='word_1_120' title='bbox 1435 1853 1535 1927; x_wconf 85' lang='lat'>83,</span> <span class='ocrx_word' id='word_1_121' title='bbox 1603 1848 1663 1913; x_wconf 86' lang='lat' dir='ltr'>S.</span> <span class='ocrx_word' id='word_1_122' title='bbox 1713 1850 2068 1928; x_wconf 84' lang='lat'>149-157)</span> <span class='ocrx_word' id='word_1_123' title='bbox 2105 1849 2268 1914; x_wconf 91' lang='lat' dir='ltr'>und:</span> <span class='ocrx_word' id='word_1_124' title='bbox 2314 1849 2432 1914; x_wconf 92' lang='lat' dir='ltr'>Die</span> <span class='ocrx_word' id='word_1_125' title='bbox 2466 1849 2739 1933; x_wconf 83' lang='lat' dir='ltr'>Symme-</span> 
     </span>
     <span class='ocr_line' id='line_1_16' title="bbox 527 1957 2737 2043; baseline 0.002 -20"><span class='ocrx_word' id='word_1_126' title='bbox 527 1958 648 2023; x_wconf 90' lang='lat' dir='ltr'>trie</span> <span class='ocrx_word' id='word_1_127' title='bbox 693 1957 820 2022; x_wconf 92' lang='lat' dir='ltr'>und</span> <span class='ocrx_word' id='word_1_128' title='bbox 866 1958 1255 2039; x_wconf 90' lang='lat' dir='ltr'>Responsion</span> <span class='ocrx_word' id='word_1_129' title='bbox 1303 1959 1413 2024; x_wconf 91' lang='lat' dir='ltr'>der</span> <span class='ocrx_word' id='word_1_130' title='bbox 1468 1965 1623 2023; x_wconf 75' lang='lat' dir='ltr'>rom.</span> <span class='ocrx_word' id='word_1_131' title='bbox 1671 1960 1889 2040; x_wconf 86' lang='lat' dir='ltr'>Elegie</span> <span class='ocrx_word' id='word_1_132' title='bbox 1934 1959 2219 2040; x_wconf 40' lang='lat' dir='ltr'>&amp;Lubeck</span> <span class='ocrx_word' id='word_1_133' title='bbox 2262 1957 2459 2043; x_wconf 87' lang='lat'>1867)</span> <span class='ocrx_word' id='word_1_134' title='bbox 2504 1959 2737 2041; x_wconf 81' lang='lat' dir='ltr'>gethan</span> 
     </span>
     <span class='ocr_line' id='line_1_17' title="bbox 529 2062 2742 2146; baseline 0.002 -17"><span class='ocrx_word' id='word_1_135' title='bbox 529 2062 775 2131; x_wconf 90' lang='lat' dir='ltr'>haben“</span> <span class='ocrx_word' id='word_1_136' title='bbox 806 2102 887 2112; x_wconf 93' lang='lat'><strong>—</strong></span> <span class='ocrx_word' id='word_1_137' title='bbox 914 2064 1350 2130; x_wconf 90' lang='lat' dir='ltr'>Adnumerare</span> <span class='ocrx_word' id='word_1_138' title='bbox 1374 2066 1523 2130; x_wconf 90' lang='lat' dir='ltr'>licet</span> <span class='ocrx_word' id='word_1_139' title='bbox 1569 2065 1662 2130; x_wconf 87' lang='lat' dir='ltr'>his</span> <span class='ocrx_word' id='word_1_140' title='bbox 1707 2067 1859 2131; x_wconf 87' lang='lat' dir='ltr'>viris</span> <span class='ocrx_word' id='word_1_141' title='bbox 1886 2066 2054 2132; x_wconf 89' lang='lat' dir='ltr'>Guil.</span> <span class='ocrx_word' id='word_1_142' title='bbox 2086 2068 2432 2134; x_wconf 89' lang='lat' dir='ltr'>Wisserum</span> <span class='ocrx_word' id='word_1_143' title='bbox 2459 2068 2742 2146; x_wconf 86' lang='lat' dir='ltr'>Quaestt.</span> 
     </span>
     <span class='ocr_line' id='line_1_18' title="bbox 533 2172 2746 2256; baseline 0 -17"><span class='ocrx_word' id='word_1_144' title='bbox 533 2173 667 2239; x_wconf 92' lang='lat' dir='ltr'>Tib.</span> <span class='ocrx_word' id='word_1_145' title='bbox 712 2174 879 2255; x_wconf 78' lang='lat' dir='ltr'>Lips,</span> <span class='ocrx_word' id='word_1_146' title='bbox 933 2176 1216 2238; x_wconf 84' lang='lat'><strong>1869.—</strong></span> <span class='ocrx_word' id='word_1_147' title='bbox 1266 2173 1384 2254; x_wconf 85' lang='lat' dir='ltr'>Qui</span> <span class='ocrx_word' id='word_1_148' title='bbox 1431 2173 1570 2252; x_wconf 86' lang='lat' dir='ltr'>viri,</span> <span class='ocrx_word' id='word_1_149' title='bbox 1613 2172 1760 2238; x_wconf 88' lang='lat' dir='ltr'>freti</span> <span class='ocrx_word' id='word_1_150' title='bbox 1799 2174 1927 2238; x_wconf 89' lang='lat' dir='ltr'>suis</span> <span class='ocrx_word' id='word_1_151' title='bbox 1951 2174 2238 2255; x_wconf 87' lang='lat' dir='ltr'>inventis,</span> <span class='ocrx_word' id='word_1_152' title='bbox 2285 2176 2527 2256; x_wconf 88' lang='lat' dir='ltr'>majora</span> <span class='ocrx_word' id='word_1_153' title='bbox 2558 2176 2746 2240; x_wconf 88' lang='lat' dir='ltr'>etiam</span> 
     </span>
     <span class='ocr_line' id='line_1_19' title="bbox 533 2283 2742 2368; baseline -0 -16"><span class='ocrx_word' id='word_1_154' title='bbox 533 2285 674 2352; x_wconf 85' lang='lat' dir='ltr'>ausi</span> <span class='ocrx_word' id='word_1_155' title='bbox 720 2290 887 2366; x_wconf 89' lang='lat' dir='ltr'>sunt,</span> <span class='ocrx_word' id='word_1_156' title='bbox 931 2302 1093 2367; x_wconf 88' lang='lat' dir='ltr'>quae</span> <span class='ocrx_word' id='word_1_157' title='bbox 1139 2290 1311 2351; x_wconf 88' lang='lat' dir='ltr'>certe</span> <span class='ocrx_word' id='word_1_158' title='bbox 1355 2283 1625 2351; x_wconf 85' lang='lat' dir='ltr'>maxime</span> <span class='ocrx_word' id='word_1_159' title='bbox 1669 2289 1816 2350; x_wconf 89' lang='lat' dir='ltr'>sunt</span> <span class='ocrx_word' id='word_1_160' title='bbox 1860 2284 2294 2368; x_wconf 86' lang='lat' dir='ltr'>vituperanda.</span> <span class='ocrx_word' id='word_1_161' title='bbox 2363 2286 2742 2352; x_wconf 85' lang='lat' dir='ltr'>Persuasum</span> 
     </span>
     <span class='ocr_line' id='line_1_20' title="bbox 535 2395 2742 2479; baseline 0.001 -18"><span class='ocrx_word' id='word_1_162' title='bbox 535 2397 698 2461; x_wconf 92' lang='lat' dir='ltr'>enim</span> <span class='ocrx_word' id='word_1_163' title='bbox 742 2395 1079 2477; x_wconf 87' lang='lat' dir='ltr'>habebant,</span> <span class='ocrx_word' id='word_1_164' title='bbox 1125 2396 1242 2462; x_wconf 89' lang='lat' dir='ltr'>hac</span> <span class='ocrx_word' id='word_1_165' title='bbox 1291 2396 1714 2479; x_wconf 89' lang='lat' dir='ltr'>responsionis</span> <span class='ocrx_word' id='word_1_166' title='bbox 1760 2396 1898 2478; x_wconf 88' lang='lat' dir='ltr'>lege</span> <span class='ocrx_word' id='word_1_167' title='bbox 1945 2396 2201 2463; x_wconf 85' lang='lat' dir='ltr'>criticae</span> <span class='ocrx_word' id='word_1_168' title='bbox 2236 2415 2486 2478; x_wconf 92' lang='lat' dir='ltr'>quoque</span> <span class='ocrx_word' id='word_1_169' title='bbox 2528 2404 2742 2479; x_wconf 72' lang='lat' dir='ltr'>poeta-</span> 
     </span>
     <span class='ocr_line' id='line_1_21' title="bbox 534 2505 2750 2589; baseline -0 -16"><span class='ocrx_word' id='word_1_170' title='bbox 534 2526 674 2573; x_wconf 89' lang='lat' dir='ltr'>rum</span> <span class='ocrx_word' id='word_1_171' title='bbox 719 2507 1083 2573; x_wconf 85' lang='lat' dir='ltr'>tractationi</span> <span class='ocrx_word' id='word_1_172' title='bbox 1125 2507 1464 2573; x_wconf 87' lang='lat' dir='ltr'>utilitatem</span> <span class='ocrx_word' id='word_1_173' title='bbox 1509 2505 1723 2573; x_wconf 89' lang='lat' dir='ltr'>afferri</span> <span class='ocrx_word' id='word_1_174' title='bbox 1760 2525 1960 2589; x_wconf 84' lang='lat' dir='ltr'>posse,</span> <span class='ocrx_word' id='word_1_175' title='bbox 2030 2507 2437 2589; x_wconf 86' lang='lat' dir='ltr'>quamobrem</span> <span class='ocrx_word' id='word_1_176' title='bbox 2500 2509 2750 2588; x_wconf 88' lang='lat' dir='ltr'>saepius</span> 
     </span>
     <span class='ocr_line' id='line_1_22' title="bbox 535 2616 2750 2699; baseline -0.001 -16"><span class='ocrx_word' id='word_1_177' title='bbox 535 2637 757 2684; x_wconf 90' lang='lat' dir='ltr'>versus</span> <span class='ocrx_word' id='word_1_178' title='bbox 816 2618 959 2683; x_wconf 90' lang='lat' dir='ltr'>huic</span> <span class='ocrx_word' id='word_1_179' title='bbox 1018 2616 1143 2697; x_wconf 88' lang='lat' dir='ltr'>legi</span> <span class='ocrx_word' id='word_1_180' title='bbox 1209 2635 1329 2681; x_wconf 89' lang='lat' dir='ltr'>non</span> <span class='ocrx_word' id='word_1_181' title='bbox 1377 2617 1830 2698; x_wconf 87' lang='lat' dir='ltr'>respondentes</span> <span class='ocrx_word' id='word_1_182' title='bbox 1875 2617 2210 2699; x_wconf 91' lang='lat' dir='ltr'>ejiciendos</span> <span class='ocrx_word' id='word_1_183' title='bbox 2260 2634 2405 2684; x_wconf 77' lang='lat' dir='ltr'>esse.</span> <span class='ocrx_word' id='word_1_184' title='bbox 2439 2616 2750 2680; x_wconf 88' lang='lat' dir='ltr'>existima-</span> 
     </span>
     <span class='ocr_line' id='line_1_23' title="bbox 536 2724 2750 2806; baseline -0.003 -12"><span class='ocrx_word' id='word_1_185' title='bbox 536 2728 707 2794; x_wconf 87' lang='lat' dir='ltr'>bant.</span> <span class='ocrx_word' id='word_1_186' title='bbox 753 2763 832 2772; x_wconf 91' lang='lat'>—</span> <span class='ocrx_word' id='word_1_187' title='bbox 885 2733 960 2792; x_wconf 90' lang='lat' dir='ltr'>ln</span> <span class='ocrx_word' id='word_1_188' title='bbox 1007 2726 1342 2806; x_wconf 86' lang='lat' dir='ltr'>propatulo</span> <span class='ocrx_word' id='word_1_189' title='bbox 1392 2730 1505 2806; x_wconf 88' lang='lat' dir='ltr'>est,</span> <span class='ocrx_word' id='word_1_190' title='bbox 1551 2744 1766 2790; x_wconf 92' lang='lat' dir='ltr'>omnes</span> <span class='ocrx_word' id='word_1_191' title='bbox 1812 2725 1924 2789; x_wconf 89' lang='lat' dir='ltr'>hos</span> <span class='ocrx_word' id='word_1_192' title='bbox 1971 2726 2137 2790; x_wconf 91' lang='lat' dir='ltr'>viros</span> <span class='ocrx_word' id='word_1_193' title='bbox 2181 2725 2353 2805; x_wconf 88' lang='lat' dir='ltr'>leges</span> <span class='ocrx_word' id='word_1_194' title='bbox 2380 2724 2750 2805; x_wconf 89' lang='lat' dir='ltr'>imposuisse</span> 
     </span>
     <span class='ocr_line' id='line_1_24' title="bbox 539 2834 2742 2919; baseline -0.002 -17"><span class='ocrx_word' id='word_1_195' title='bbox 539 2843 753 2902; x_wconf 90' lang='lat' dir='ltr'>nostro</span> <span class='ocrx_word' id='word_1_196' title='bbox 797 2843 1040 2919; x_wconf 72' lang='lat' dir='ltr'>poetae,</span> <span class='ocrx_word' id='word_1_197' title='bbox 1082 2834 1306 2917; x_wconf 91' lang='lat' dir='ltr'>quibus</span> <span class='ocrx_word' id='word_1_198' title='bbox 1351 2853 1671 2917; x_wconf 86' lang='lat' dir='ltr'>nunquam</span> <span class='ocrx_word' id='word_1_199' title='bbox 1716 2840 1855 2900; x_wconf 88' lang='lat' dir='ltr'>erat</span> <span class='ocrx_word' id='word_1_200' title='bbox 1883 2834 2146 2914; x_wconf 83' lang='lat' dir='ltr'>vinctuS,</span> <span class='ocrx_word' id='word_1_201' title='bbox 2192 2853 2305 2899; x_wconf 93' lang='lat' dir='ltr'>nec</span> <span class='ocrx_word' id='word_1_202' title='bbox 2326 2834 2529 2899; x_wconf 90' lang='lat' dir='ltr'>minus</span> <span class='ocrx_word' id='word_1_203' title='bbox 2555 2834 2742 2899; x_wconf 91' lang='lat' dir='ltr'>talem</span> 
     </span>
     <span class='ocr_line' id='line_1_25' title="bbox 537 2942 2746 3030; baseline -0.002 -20"><span class='ocrx_word' id='word_1_204' title='bbox 537 2963 942 3030; x_wconf 90' lang='lat' dir='ltr'>numerorum</span> <span class='ocrx_word' id='word_1_205' title='bbox 990 2944 1516 3026; x_wconf 90' lang='lat' dir='ltr'>computationem</span> <span class='ocrx_word' id='word_1_206' title='bbox 1566 2942 1882 3024; x_wconf 88' lang='lat' dir='ltr'>indignam</span> <span class='ocrx_word' id='word_1_207' title='bbox 1923 2961 2060 3008; x_wconf 89' lang='lat' dir='ltr'>esse</span> <span class='ocrx_word' id='word_1_208' title='bbox 2104 2942 2333 3007; x_wconf 88' lang='lat' dir='ltr'>Tibulli</span> <span class='ocrx_word' id='word_1_209' title='bbox 2369 2949 2508 3009; x_wconf 91' lang='lat' dir='ltr'>arte</span> <span class='ocrx_word' id='word_1_210' title='bbox 2559 2961 2746 3026; x_wconf 88' lang='lat' dir='ltr'>quam</span> 
     </span>
     <span class='ocr_line' id='line_1_26' title="bbox 542 3050 2750 3134; baseline -0.001 -16"><span class='ocrx_word' id='word_1_211' title='bbox 542 3054 810 3120; x_wconf 91' lang='lat' dir='ltr'>Dissenii</span> <span class='ocrx_word' id='word_1_212' title='bbox 855 3053 1238 3134; x_wconf 85' lang='lat' dir='ltr'>tripartitam</span> <span class='ocrx_word' id='word_1_213' title='bbox 1286 3051 1668 3117; x_wconf 88' lang='lat' dir='ltr'>divisionem.</span> <span class='ocrx_word' id='word_1_214' title='bbox 1710 3050 1929 3131; x_wconf 90' lang='lat' dir='ltr'>Imm0,</span> <span class='ocrx_word' id='word_1_215' title='bbox 1970 3056 2040 3115; x_wconf 91' lang='lat' dir='ltr'>ut</span> <span class='ocrx_word' id='word_1_216' title='bbox 2077 3069 2179 3116; x_wconf 88' lang='lat' dir='ltr'>res</span> <span class='ocrx_word' id='word_1_217' title='bbox 2212 3055 2276 3115; x_wconf 90' lang='lat' dir='ltr'>et</span> <span class='ocrx_word' id='word_1_218' title='bbox 2310 3056 2750 3132; x_wconf 84' lang='lat' dir='ltr'>argumentum</span> 
     </span>
     <span class='ocr_line' id='line_1_27' title="bbox 542 3157 2753 3242; baseline -0.001 -15"><span class='ocrx_word' id='word_1_219' title='bbox 542 3161 836 3227; x_wconf 87' lang='lat' dir='ltr'>carminis</span> <span class='ocrx_word' id='word_1_220' title='bbox 886 3157 1207 3242; x_wconf 88' lang='lat' dir='ltr'>exigebat,</span> <span class='ocrx_word' id='word_1_221' title='bbox 1280 3159 1372 3224; x_wconf 92' lang='lat' dir='ltr'>ita</span> <span class='ocrx_word' id='word_1_222' title='bbox 1431 3159 1716 3240; x_wconf 85' lang='lat' dir='ltr'>singulae</span> <span class='ocrx_word' id='word_1_223' title='bbox 1774 3158 1907 3240; x_wconf 87' lang='lat' dir='ltr'>ejus</span> <span class='ocrx_word' id='word_1_224' title='bbox 1951 3165 2168 3242; x_wconf 88' lang='lat' dir='ltr'>partes</span> <span class='ocrx_word' id='word_1_225' title='bbox 2212 3160 2543 3227; x_wconf 88' lang='lat' dir='ltr'>institutae</span> <span class='ocrx_word' id='word_1_226' title='bbox 2590 3168 2753 3238; x_wconf 77' lang='lat' dir='ltr'>sunt,</span> 
     </span>
     <span class='ocr_line' id='line_1_28' title="bbox 542 3268 2751 3354; baseline 0 -17"><span class='ocrx_word' id='word_1_227' title='bbox 542 3290 745 3354; x_wconf 91' lang='lat' dir='ltr'>neque</span> <span class='ocrx_word' id='word_1_228' title='bbox 790 3278 865 3337; x_wconf 93' lang='lat' dir='ltr'>ut</span> <span class='ocrx_word' id='word_1_229' title='bbox 906 3290 1024 3354; x_wconf 90' lang='lat' dir='ltr'>par</span> <span class='ocrx_word' id='word_1_230' title='bbox 1070 3277 1237 3336; x_wconf 88' lang='lat' dir='ltr'>esset</span> <span class='ocrx_word' id='word_1_231' title='bbox 1291 3288 1586 3334; x_wconf 88' lang='lat' dir='ltr'>versuum</span> <span class='ocrx_word' id='word_1_232' title='bbox 1648 3288 1978 3350; x_wconf 89' lang='lat' dir='ltr'>numerus,</span> <span class='ocrx_word' id='word_1_233' title='bbox 2047 3268 2377 3337; x_wconf 88' lang='lat' dir='ltr'>laborabat</span> <span class='ocrx_word' id='word_1_234' title='bbox 2417 3279 2626 3353; x_wconf 75' lang='lat' dir='ltr'>poeta.</span> <span class='ocrx_word' id='word_1_235' title='bbox 2670 3308 2751 3319; x_wconf 89' lang='lat'>-—</span> 
     </span>
     <span class='ocr_line' id='line_1_29' title="bbox 545 3379 2754 3463; baseline -0.002 -15"><span class='ocrx_word' id='word_1_236' title='bbox 545 3384 880 3450; x_wconf 87' lang='lat' dir='ltr'>Praeclare</span> <span class='ocrx_word' id='word_1_237' title='bbox 922 3382 1077 3448; x_wconf 87' lang='lat' dir='ltr'>haec</span> <span class='ocrx_word' id='word_1_238' title='bbox 1121 3381 1436 3447; x_wconf 86' lang='lat' dir='ltr'>sententia</span> <span class='ocrx_word' id='word_1_239' title='bbox 1497 3388 1713 3447; x_wconf 90' lang='lat' dir='ltr'>nostro</span> <span class='ocrx_word' id='word_1_240' title='bbox 1774 3399 2023 3463; x_wconf 89' lang='lat' dir='ltr'>quoque</span> <span class='ocrx_word' id='word_1_241' title='bbox 2068 3382 2344 3449; x_wconf 88' lang='lat' dir='ltr'>carmine</span> <span class='ocrx_word' id='word_1_242' title='bbox 2388 3379 2754 3463; x_wconf 88' lang='lat' dir='ltr'>comproba-</span> 
     </span>
     <span class='ocr_line' id='line_1_30' title="bbox 545 3490 2756 3573; baseline -0.002 -16"><span class='ocrx_word' id='word_1_243' title='bbox 545 3499 665 3570; x_wconf 88' lang='lat' dir='ltr'>tur,</span> <span class='ocrx_word' id='word_1_244' title='bbox 711 3493 772 3556; x_wconf 91' lang='lat' dir='ltr'>in</span> <span class='ocrx_word' id='word_1_245' title='bbox 818 3509 941 3573; x_wconf 93' lang='lat' dir='ltr'>quo</span> <span class='ocrx_word' id='word_1_246' title='bbox 987 3490 1038 3556; x_wconf 89' lang='lat' dir='ltr'>si</span> <span class='ocrx_word' id='word_1_247' title='bbox 1074 3508 1293 3573; x_wconf 89' lang='lat' dir='ltr'>parem</span> <span class='ocrx_word' id='word_1_248' title='bbox 1340 3508 1669 3555; x_wconf 90' lang='lat' dir='ltr'>numerum</span> <span class='ocrx_word' id='word_1_249' title='bbox 1714 3510 2006 3556; x_wconf 88' lang='lat' dir='ltr'>versuum</span> <span class='ocrx_word' id='word_1_250' title='bbox 2050 3492 2437 3573; x_wconf 89' lang='lat' dir='ltr'>singularum</span> <span class='ocrx_word' id='word_1_251' title='bbox 2484 3490 2756 3572; x_wconf 89' lang='lat' dir='ltr'>partium</span> 
     </span>
     <span class='ocr_line' id='line_1_31' title="bbox 546 3596 2758 3680; baseline -0.003 -15"><span class='ocrx_word' id='word_1_252' title='bbox 546 3607 828 3666; x_wconf 86' lang='lat' dir='ltr'>statuere</span> <span class='ocrx_word' id='word_1_253' title='bbox 872 3600 1084 3680; x_wconf 83' lang='lat' dir='ltr'>velleS,</span> <span class='ocrx_word' id='word_1_254' title='bbox 1130 3599 1264 3664; x_wconf 87' lang='lat' dir='ltr'>sine</span> <span class='ocrx_word' id='word_1_255' title='bbox 1307 3597 1497 3663; x_wconf 91' lang='lat' dir='ltr'>dubio</span> <span class='ocrx_word' id='word_1_256' title='bbox 1543 3598 1604 3663; x_wconf 95' lang='lat' dir='ltr'>in</span> <span class='ocrx_word' id='word_1_257' title='bbox 1635 3617 1896 3680; x_wconf 88' lang='lat' dir='ltr'>magnos</span> <span class='ocrx_word' id='word_1_258' title='bbox 1931 3598 2238 3664; x_wconf 89' lang='lat' dir='ltr'>incideres</span> <span class='ocrx_word' id='word_1_259' title='bbox 2269 3615 2535 3664; x_wconf 76' lang='lat' dir='ltr'>errores,</span> <span class='ocrx_word' id='word_1_260' title='bbox 2579 3596 2758 3674; x_wconf 86' lang='lat' dir='ltr'>Quid,</span> 
     </span>
     <span class='ocr_line' id='line_1_32' title="bbox 548 3704 2759 3790; baseline -0.004 -16"><span class='ocrx_word' id='word_1_261' title='bbox 548 3709 735 3790; x_wconf 91' lang='lat' dir='ltr'>quod,</span> <span class='ocrx_word' id='word_1_262' title='bbox 800 3727 939 3773; x_wconf 91' lang='lat' dir='ltr'>cum</span> <span class='ocrx_word' id='word_1_263' title='bbox 1008 3709 1072 3773; x_wconf 94' lang='lat' dir='ltr'>in</span> <span class='ocrx_word' id='word_1_264' title='bbox 1145 3707 1314 3773; x_wconf 83' lang='lat' dir='ltr'>veris</span> <span class='ocrx_word' id='word_1_265' title='bbox 1374 3708 1763 3788; x_wconf 89' lang='lat' dir='ltr'>aestatisque</span> <span class='ocrx_word' id='word_1_266' title='bbox 1832 3706 2252 3789; x_wconf 90' lang='lat' dir='ltr'>descriptione</span> <span class='ocrx_word' id='word_1_267' title='bbox 2309 3704 2759 3786; x_wconf 86' lang='lat' dir='ltr'>respondentes</span> 
     </span>
     <span class='ocr_line' id='line_1_33' title="bbox 549 3814 2759 3897; baseline -0.002 -14"><span class='ocrx_word' id='word_1_268' title='bbox 549 3818 870 3883; x_wconf 89' lang='lat' dir='ltr'>videamus</span> <span class='ocrx_word' id='word_1_269' title='bbox 915 3816 1279 3896; x_wconf 90' lang='lat' dir='ltr'>sententias,</span> <span class='ocrx_word' id='word_1_270' title='bbox 1339 3816 1440 3881; x_wconf 83' lang='lat' dir='ltr'>lex</span> <span class='ocrx_word' id='word_1_271' title='bbox 1484 3822 1696 3882; x_wconf 89' lang='lat' dir='ltr'>tamen</span> <span class='ocrx_word' id='word_1_272' title='bbox 1740 3815 1850 3881; x_wconf 92' lang='lat' dir='ltr'>illa</span> <span class='ocrx_word' id='word_1_273' title='bbox 1891 3816 2170 3881; x_wconf 88' lang='lat' dir='ltr'>severior</span> <span class='ocrx_word' id='word_1_274' title='bbox 2214 3816 2400 3897; x_wconf 89' lang='lat' dir='ltr'>plane</span> <span class='ocrx_word' id='word_1_275' title='bbox 2444 3814 2759 3879; x_wconf 88' lang='lat' dir='ltr'>desidera-</span> 
     </span>
     <span class='ocr_line' id='line_1_34' title="bbox 550 3922 2759 4008; baseline -0.003 -17"><span class='ocrx_word' id='word_1_276' title='bbox 550 3926 702 3991; x_wconf 78' lang='lat' dir='ltr'>tur?</span> <span class='ocrx_word' id='word_1_277' title='bbox 747 3926 960 4008; x_wconf 87' lang='lat' dir='ltr'>Atqui,</span> <span class='ocrx_word' id='word_1_278' title='bbox 1003 3927 1055 3992; x_wconf 90' lang='lat' dir='ltr'>si</span> <span class='ocrx_word' id='word_1_279' title='bbox 1104 3927 1263 3992; x_wconf 89' lang='lat' dir='ltr'>tales</span> <span class='ocrx_word' id='word_1_280' title='bbox 1300 3927 1471 4006; x_wconf 87' lang='lat' dir='ltr'>leges</span> <span class='ocrx_word' id='word_1_281' title='bbox 1516 3931 1707 4006; x_wconf 74' lang='lat' dir='ltr'>poeta</span> <span class='ocrx_word' id='word_1_282' title='bbox 1732 3923 1985 3990; x_wconf 87' lang='lat' dir='ltr'>omnino</span> <span class='ocrx_word' id='word_1_283' title='bbox 2013 3923 2132 3988; x_wconf 90' lang='lat' dir='ltr'>sibi</span> <span class='ocrx_word' id='word_1_284' title='bbox 2161 3922 2578 4005; x_wconf 87' lang='lat' dir='ltr'>imposuisset,</span> <span class='ocrx_word' id='word_1_285' title='bbox 2625 3940 2759 3987; x_wconf 89' lang='lat' dir='ltr'>eam</span> 
     </span>
     <span class='ocr_line' id='line_1_35' title="bbox 551 4032 2761 4118; baseline -0.003 -17"><span class='ocrx_word' id='word_1_286' title='bbox 551 4036 802 4118; x_wconf 91' lang='lat' dir='ltr'>quidem</span> <span class='ocrx_word' id='word_1_287' title='bbox 842 4037 1257 4102; x_wconf 88' lang='lat' dir='ltr'>constantiam</span> <span class='ocrx_word' id='word_1_288' title='bbox 1302 4041 1473 4100; x_wconf 89' lang='lat' dir='ltr'>certe</span> <span class='ocrx_word' id='word_1_289' title='bbox 1519 4039 1735 4099; x_wconf 85' lang='lat' dir='ltr'>nostro</span> <span class='ocrx_word' id='word_1_290' title='bbox 1772 4033 1918 4115; x_wconf 91' lang='lat' dir='ltr'>jure</span> <span class='ocrx_word' id='word_1_291' title='bbox 1961 4051 2378 4115; x_wconf 81' lang='lat' dir='ltr'>posceremuS‚</span> <span class='ocrx_word' id='word_1_292' title='bbox 2422 4040 2494 4097; x_wconf 93' lang='lat' dir='ltr'>ut</span> <span class='ocrx_word' id='word_1_293' title='bbox 2534 4032 2761 4112; x_wconf 88' lang='lat' dir='ltr'>ubique</span> 
     </span>
     <span class='ocr_line' id='line_1_36' title="bbox 552 4141 2757 4228; baseline -0.002 -17"><span class='ocrx_word' id='word_1_294' title='bbox 552 4165 659 4211; x_wconf 87' lang='lat' dir='ltr'>eas</span> <span class='ocrx_word' id='word_1_295' title='bbox 727 4154 1012 4213; x_wconf 86' lang='lat' dir='ltr'>servatas</span> <span class='ocrx_word' id='word_1_296' title='bbox 1082 4147 1517 4212; x_wconf 82' lang='lat' dir='ltr'>inveniremus.</span> <span class='ocrx_word' id='word_1_297' title='bbox 1620 4146 1743 4210; x_wconf 85' lang='lat' dir='ltr'>Sed</span> <span class='ocrx_word' id='word_1_298' title='bbox 1808 4164 2064 4228; x_wconf 87' lang='lat' dir='ltr'>prorsus</span> <span class='ocrx_word' id='word_1_299' title='bbox 2129 4144 2356 4209; x_wconf 82' lang='lat' dir='ltr'>desunt</span> <span class='ocrx_word' id='word_1_300' title='bbox 2411 4141 2757 4224; x_wconf 85' lang='lat' dir='ltr'>pulchriori</span> 
     </span>
    </p>
   </div>
  </div>
 </body>
</html>
