3082 4688
1229 304 1648 369 ...13-

326 487 531 567 pecori
580 486 773 569 (quod
834 489 1037 569 ipsum
1099 508 1259 552 nunc
1317 507 1572 567 gregem
1620 487 1922 570 appellat)
1965 507 2071 554 eos
2115 507 2375 570 parcere
2420 507 2524 552 ne-

328 612 496 658 cesse
540 595 624 659 sit
666 597 990 677 atquesic
1035 595 1166 665 fere
1210 599 1615 662 continuatur
1648 600 1994 664 sententia:
2054 598 2311 680 hujusce
2351 597 2527 678 (mei)

330 701 533 783 exigui
596 704 812 789 gregis,
869 704 1000 785 (qui
1061 705 1387 785 oppositus
1429 712 1525 769 est
1586 707 1789 771 alieno
1836 725 2062 788 magno
2107 706 2314 788 gregi)
2360 706 2533 771 nulla

331 808 505 875 vobis
588 817 869 892 potestas
939 823 1067 893 est,
1135 833 1307 878 nam:
1392 814 1557 880 bunc
1635 834 1751 896 ego
1816 821 2260 898 pastoremque
2327 835 2534 882 meum

330 919 602 983 lustrare
673 920 1006 1001 quotannis
1077 928 1193 987 etc.
1287 922 1732 1004 Cognoscimus
1803 924 1999 1005 igitur
2057 925 2148 1006 (id
2193 926 2358 1007 quod
2399 927 2533 1007 jam

333 1050 526 1112 supra
568 1011 967 1113 conjecimusl
1014 1033 1276 1097 eundem
1321 1033 1420 1099 bic
1464 1034 1726 1100 inveniri
1763 1036 2216 1101 sententiarum
2254 1036 2536 1100 ordinem

336 1148 523 1223 atque
566 1142 627 1205 in
674 1143 882 1223 priore
927 1149 1126 1223 parte.
1196 1142 1286 1207 Ibi
1334 1143 1518 1224 Spem
1565 1145 1764 1224 deam,
1826 1164 1902 1209 ne
1946 1165 2014 1209 se
2057 1145 2380 1223 destituat,
2428 1144 2538 1208 ob-

334 1256 559 1331 secrat,
608 1308 611 1311 ,
657 1270 1033 1334 causamque
1110 1253 1316 1318 addit:
1403 1273 1545 1318 nam
1608 1255 2026 1334 agricolarum
2088 1254 2238 1318 deos
2320 1270 2537 1317 omnes

338 1363 624 1443 religiose
668 1382 950 1429 veneror.
979 1401 1055 1409 -
1115 1364 1437 1442 Quomodo
1481 1384 1629 1430 vero
1668 1365 1937 1430 alterum
1978 1353 2538 1446 praetervehemur

338 1475 693 1555 scopulum,
765 1474 827 1538 in
889 1493 1072 1555 quem
1146 1492 1359 1538 omnes
1417 1474 1619 1538 adhuc
1684 1474 2036 1539 inciderunt
2104 1473 2538 1554 interpretes?

340 1581 508 1646 Palis
553 1582 733 1662 enim,
749 1583 1150 1663 pastoritiae
1195 1582 1348 1647 deae
1392 1581 1508 1647 hoc
1553 1584 1687 1647 loco
1733 1582 2244 1648 commemoratio
2269 1582 2541 1647 maxima

339 1692 457 1757 fuit
503 1712 724 1774 causa,
788 1693 1193 1775 quamobrem
1240 1699 1304 1758 et
1346 1693 1459 1757 hos
1503 1676 1722 1758 versus
1765 1701 1828 1758 et
1872 1699 2073 1759 totum
2119 1712 2370 1758 carmen
2419 1692 2540 1757 viri

343 1803 684 1867 doctissimi
742 1802 1274 1883 perturbaverint.
1362 1802 1478 1866 Hic
1521 1820 1670 1866 vero
1717 1820 1836 1865 non
1884 1803 2087 1865 minus
2131 1801 2367 1864 clarum
2415 1798 2542 1878 fiet,

343 1932 446 1977 eos
492 1931 743 1978 sensum
788 1914 1079 1977 carminis
1120 1924 1547 1994 prorsus‘non
1592 1912 1985 1977 intellexisse.
2034 1912 2135 1976 Sic
2159 1910 2322 1975 enim
2361 1928 2546 1992 argu·

344 2024 606 2089 mentati
666 2030 846 2088 sunt:
914 2042 1033 2087 non
1094 2024 1304 2087 divelli
1362 2041 1544 2104 posse
1604 2023 1817 2087 Palem
1871 2022 2051 2087 deam
2109 2041 2147 2086 a
2192 2034 2545 2086 ceterorum

346 2135 604 2198 deorum
650 2133 1135 2198 enumeratione.
1172 2133 1451 2215 Hujusce
1510 2139 1599 2197 rei
1646 2134 1809 2215 quod
1857 2132 2243 2215 probabilem
2291 2150 2544 2197 causam

346 2264 467 2309 non
513 2247 903 2323 invenerunt,
946 2243 1383 2308 schematicam
1431 2249 1917 2308 construxerunt
1952 2243 2244 2308 carminis
2278 2240 2543 2305 formam

347 2350 537 2433 (alius
584 2353 817 2431 aliaml,
862 2352 958 2416 cui
1006 2352 1211 2416 omnia
1248 2352 1822 2416 accommodabant.
1870 2350 1991 2415 Sed
2038 2350 2153 2414 hoc
2190 2349 2338 2430 quid
2377 2349 2583 2414 aliud¹

350 2469 442 2528 est
481 2463 597 2527 nisi
644 2464 922 2529 carmina
965 2463 1193 2527 Tibulli
1239 2461 1580 2527 secundum
1622 2461 1944 2542 propriam
1972 2466 2144 2524 tuam
2171 2459 2550 2524 sententiam

352 2576 734 2649 construere,
780 2589 920 2653 cum
967 2589 1182 2635 verum
1230 2589 1445 2636 eorum
1486 2585 1759 2634 sensum⁴
1786 2568 2089 2649 indagare
2134 2588 2254 2633 non
2304 2568 2551 2649 possis?

353 2712 428 2720 -
476 2678 796 2742 Dissenius
862 2697 1019 2743 unus
1081 2679 1337 2756 exstitit,
1407 2678 1512 2758 qui
1581 2697 1719 2743 cum
1783 2678 1974 2743 totius
2034 2678 2328 2742 carminis
2393 2676 2551 2741 inte-

352 2788 646 2867 gritatem
695 2787 1028 2853 defendere
1088 2789 1293 2867 vellet,
1358 2788 1469 2852 hos
1516 2807 1764 2871 quoque
1803 2807 2022 2853 versus
2060 2808 2172 2853 suo
2218 2789 2354 2853 loco
2400 2788 2554 2853 reti-

353 2894 586 2958 nendos
646 2913 781 2958 esse
832 2895 1235 2959 existimaret.
1298 2896 1356 2959 Is
1416 2915 1598 2974 vero,
1666 2915 1804 2960 cum
1851 2901 2050 2960 totum
2097 2896 2553 2960 sententiarum

355 3022 578 3069 nexum
659 3005 909 3069 minime
974 3004 1385 3083 intellexerit,
1466 3005 1654 3069 etiam
1724 3004 1984 3086 hujusce
2063 3005 2153 3068 rei
2228 3002 2555 3068 mirificam

356 3109 600 3191 profert
660 3112 1171 3192 explicationem,
1240 3130 1399 3193 quae
1459 3129 1646 3192 quam
1707 3112 1921 3192 procul
1969 3112 2051 3177 sit
2095 3132 2132 3176 a
2176 3130 2360 3192 ver0,
2429 3131 2552 3176 non

356 3240 606 3285 necesse
652 3228 747 3286 est
794 3223 1179 3302 argumentis
1225 3221 1663 3285 demonstrari.
1709 3222 2032 3286 Dissenius
2078 3222 2239 3287 enim
2285 3222 2374 3287 sic
2418 3220 2553 3289 fere

357 3338 869 3411 argumentatur:
930 3332 1271 3413 Postquam
1320 3331 1631 3409 Cererem,
1680 3332 1995 3414 Priapum,
2038 3332 2232 3397 Lares
2278 3333 2561 3414 appella--

356 3442 445 3505 vit
487 3449 706 3522 poeta,
773 3441 1086 3506 interdum
1140 3443 1302 3506 Palis
1349 3443 1501 3506 deae
1547 3442 1778 3506 oblitus
1823 3451 1949 3520 est,
2019 3444 2166 3525 quia
2211 3444 2273 3507 in
2321 3443 2553 3508 Larum

355 3554 943 3617 commemoratione
992 3553 1161 3617 venit
1206 3554 1261 3617 ei
1308 3554 1368 3617 in
1413 3560 1704 3632 mentem,
1750 3553 1963 3618 deberi
2008 3553 2104 3618 his
2150 3554 2338 3618 etiam
2384 3553 2552 3618 aliud

356 3660 522 3742 quid,
569 3661 804 3725 scilicet
849 3661 1014 3741 quod
1061 3661 1258 3741 possit
1303 3662 1679 3743 tranquillus
1722 3667 1801 3729 let
1845 3668 2020 3727 tutus
2065 3680 2260 3743 parvo
2302 3667 2558 3726 conten-

355 3776 458 3833 tus
504 3769 669 3833 domi
714 3771 924 3835 vivere
971 3776 1034 3835 et
1076 3769 1307 3851 partim
1332 3770 1566 3834 inertes
1592 3768 1779 3834 horas
1804 3770 2049 3848 ducere,
2095 3769 2324 3850 partim
2367 3770 2558 3834 etiam

355 3898 471 3943 sua
515 3897 703 3943 manu
749 3880 842 3943 vel
889 3897 1073 3944 arare
1117 3879 1214 3943 vel
1259 3897 1513 3959 gregem
1562 3879 1746 3944 tueri.
1783 3879 2024 3943 Rursus
2054 3884 2263 3943 autem
2307 3879 2369 3942 in
2415 3897 2557 3958 gre-

356 4008 504 4068 gum
551 3990 861 4054 mentione
905 3990 966 4053 in
1015 3991 1144 4055 veri
1189 3991 1460 4071 pastoris
1519 3989 1959 4070 cogitationem
2006 3989 2139 4069 ejns
2185 3971 2561 4054 lustratione

359 4101 537 4180 quasi
608 4101 669 4164 in
738 4107 971 4163 rectam
1041 4101 1203 4165 viam
1264 4099 1606 4178 reducitur,
1667 4104 1739 4163 ut
1781 4098 2049 4179 denique
2103 4098 2293 4162 etiam
2341 4097 2558 4162 Palem

370 4218 828 4274 commemoret.
872 4208 1199 4273 Postremo
1247 4207 1400 4272 illud
1458 4224 1706 4288 quoque
1752 4208 2188 4293 reminiscitur,
2252 4207 2430 4291 cujus
2474 4209 2568 4276 rei
